2648 4928
160 304 212 379 28
470 308 637 402 Zwiuglh
667 307 746 378 lidei
777 307 874 377 ratio.
1162 288 1173 357 l

8 488 189 570 ,nmmE
210 509 227 548 o
246 488 365 568 posthac
395 509 451 550 non
471 508 522 549 ero
547 488 575 546 in
597 484 719 559 mnndo,
752 485 802 548 nol
822 482 878 549 οὒκ
907 478 985 559 puk)
1013 483 1072 564 εἰμὶ
1092 481 1126 547 ἐν
1145 471 1178 549 s‘l

17 576 119 630 posenno
199 589 269 651 σμω.
311 573 369 631 liic
391 572 511 632 hebetur
528 569 644 630 verbum
667 570 889 642 substantivum,
912 569 1037 627 Posthac
1053 589 1109 628 non
1124 582 1178 631 sun

5 629 132 687 ''mm‘'
162 659 191 717 in
210 638 332 728 mhndo,
363 676 419 714 non
438 656 531 714 minus
553 674 636 733 quam
658 655 687 712 in
713 655 757 712 his
788 653 900 725 verbis,
932 652 997 712 lide
1018 662 1062 737 ost
1084 666 1178 735 cnrptt

163 760 274 810 meum,
299 750 332 799 ut
350 758 446 818 ucque¹
462 739 509 797 bic
532 738 641 817 possint
665 735 820 797 adversarii
853 735 949 796 dicere
974 747 1087 815 tropum
1109 750 1176 799 esst

163 844 228 883 cnm
251 833 357 901 negent
384 821 560 881 substantiva
580 832 690 901 tropum
719 821 865 899 recipere,
895 818 945 879 sed
973 838 1028 891 res¹
1042 818 1089 879 his
1116 836 1178 901 opvs

165 928 220 967 non
242 906 337 965 habet.
382 904 518 984 Sequitur
532 906 626 963 enim:
649 904 690 962 tti
705 915 798 963 autem
814 915 879 962 suut
895 905 922 961 in
944 900 1060 961 mundo.
1099 902 1178 979 Qut:

163 989 311 1050 antithesis
326 990 474 1047 manifeste
488 987 588 1055 docet,
612 987 690 1059 illum
712 1008 769 1046 non
789 1006 852 1047 esse
873 1006 925 1068 pro
949 987 1073 1047 bumana
1087 996 1177 1053 uatus

164 1070 333 1144 inmundo,
356 1082 414 1130 tum
438 1090 501 1131 cum
522 1070 653 1150 discipuli
673 1080 779 1129 essent.
999 1128 1004 1143 ,
1173 1138 1176 1144 ¹

204 1154 245 1215 Et
266 1167 298 1214 ut
316 1156 438 1215 sciamus
461 1154 572 1234 quando
595 1154 715 1225 abierit,
747 1173 824 1225 non,
849 1164 880 1219 ut
902 1151 943 1210 illi
962 1153 1074 1231 lingunt
1094 1152 1174 1253 potis

163 1258 246 1318 quam
275 1249 437 1317 exponunt,
468 1237 579 1317 qnando
601 1256 663 1297 sese
687 1237 855 1295 invisibilem
880 1237 999 1309 lecerit,
1028 1237 1082 1305 sic,
1098 1256 1172 1317 tuq!

163 1322 275 1382 Lucas:
304 1322 346 1382 Et
370 1323 474 1381 luctum
500 1333 545 1382 est
563 1341 627 1379 enm
646 1320 702 1378 illis
721 1318 911 1391 valediceret,
937 1321 1057 1379 recessit
1077 1318 1178 1419 οὔῆ

162 1417 193 1466 et
215 1406 342 1466 sublatus
360 1417 404 1465 est
422 1407 451 1464 in
474 1406 596 1465 eoelum.
638 1402 707 1463 Non
730 1402 800 1464 dicit
819 1402 944 1463 Evannit
963 1414 1021 1464 etc.
1045 1412 1097 1463 aut
1117 1404 1177 1475 inm

164 1488 274 1549 sibilem
295 1508 327 1549 se
344 1486 480 1549 reddidit.
1159 1526 1175 1553 ‚-

180 1588 193 1599 ·
204 1572 251 1633 Do
279 1593 336 1653 qus
355 1592 388 1633 re
406 1572 526 1633 Marcus
540 1573 601 1633 sic:
623 1571 763 1633 Dominus
777 1583 922 1653 postquam
939 1571 1050 1631 locutus
1070 1578 1116 1631 est
1136 1566 1178 1645 oh

165 1653 328 1737 adsumptus
342 1662 387 1717 bst
402 1657 431 1715 in
455 1658 577 1727 eoelum,
594 1667 624 1716 et
639 1655 721 1715 sedet
740 1677 757 1715 a
779 1656 886 1715 dextris
900 1655 967 1714 liei.
1010 1653 1087 1728 Non,
1100 1651 1178 1715 diuit

106 1740 130 1785 '·
166 1739 282 1800 Mansit·
290 1741 348 1813 hic,
371 1739 422 1799 sed
436 1740 575 1799 invisibile
596 1738 719 1799 reddidit
731 1760 834 1819 corpus
848 1759 940 1799 snum.
972 1736 1085 1797 Rursus
1097 1734 1178 1813 Luq

133 1854 137 1861 ·
169 1825 198 1882 in
216 1824 318 1883 Artis:
341 1822 412 1883 Cum
437 1824 507 1883 haec
529 1823 665 1896 dixisset,
687 1824 747 1882 illis
768 1823 981 1903 inspicientibus
1002 1821 1134 1881 sublatus
1149 1838 1178 1885 ss

168 1927 202 1965 ac
222 1908 367 1979 elevatus,
391 1907 481 1968 nubes
495 1918 588 1967 nutem
602 1908 726 1986 suscepit
739 1907 817 1967 illum
833 1906 868 1965 ab
883 1906 973 1965 oculis
987 1924 1099 1963 eorum.
1130 1900 1178 1971 Νι

167 1990 218 2050 bes
241 1992 397 2061 tenuitenui,
422 2011 477 2070 qua
501 1990 570 2050 nibil
586 1992 686 2051 luisset
700 2011 771 2070 opus
791 1992 815 2049 si
838 1986 1013 2063 solummodo
1027 1984 1178 2067 adspectus

168 2074 328 2133 sustulisset
350 2084 380 2133 et
398 2073 468 2133 alias
483 2072 633 2151 adfuisset,
672 2073 739 2135 Nee
754 2094 824 2154 opus
846 2074 947 2132 luisset
966 2070 1129 2131 sublatione
1143 2088 1178 2149 up

168 2158 337 2217 elevatione.
389 2156 516 2217 ibidem:
547 2157 604 2216 llic
630 2157 738 2229 lesus,¹
760 2159 808 2237 qni
830 2155 994 2235 adsumptus
1013 2165 1058 2221 est
1076 2152 1178 2231 3,,νῇ

169 2243 197 2300 in
213 2242 335 2315 eoelum,
353 2242 395 2301 sic
409 2242 504 2301 veniet
519 2240 751 2321 quemadmodum
766 2239 875 2301 vidistis
889 2260 953 2300 cum
970 2240 1012 2297 ire
1027 2239 1057 2297 in
1069 2238 1178 2309 coelun

169 2322 246 2401 Quid
269 2325 323 2385 hoe
340 2336 385 2385 est
406 2325 532 2385 otariust
552 2329 582 2384 Α
601 2325 698 2393 vobis,
723 2326 830 2403 inquit,
853 2322 1017 2401 adsumptus
1037 2332 1102 2395 est:
1125 2336 1178 2403 er.

168 2429 224 2467 non
245 2420 307 2467 erat
328 2405 402 2487 spnd
426 2408 507 2479 illos,
533 2428 623 2487 neque
644 2408 812 2480 visibiliter,
836 2427 926 2485 neque
950 2405 1178 2483 invisibiliter-q

169 2486 290 2551 eundum
311 2493 459 2552 humanam
485 2503 623 2550 naturam.
669 2490 825 2570 (Inmergo
843 2489 999 2549 videbimus
1020 2507 1086 2547 eum
1100 2484 1178 2567 sedin

170 2574 403 2655 quemadmodum
425 2575 505 2648 abiit,
533 2586 598 2635 tunc
613 2577 734 2634 sciennus
754 2574 865 2633 adesse.
909 2572 1027 2650 Alioqui
1049 2570 1133 2632 sedet
1150 2590 1178 2633 st

170 2657 293 2718 eundum
309 2660 456 2718 burrianum
479 2670 605 2718 naturam
626 2658 662 2717 ad
685 2657 829 2719 dexteram
854 2659 960 2736 patris,
984 2655 1076 2716 donee
1098 2653 1178 2717 redu

171 2740 208 2802 ad
229 2741 407 2802 indicandum
430 2745 508 2803 vivos
521 2754 550 2803 et
564 2755 699 2802 nnorttnns.
1159 2780 1163 2789 ·

212 2824 283 2885 Cum
307 2838 400 2886 nutem
429 2828 487 2886 sint
511 2829 559 2906 qui
587 2828 700 2906 corpori
722 2824 829 2885 Christi
861 2825 952 2883 locum
978 2824 1137 2901 abrogent,
1165 2840 1178 2889 t

171 2907 268 2969 dicant
296 2932 351 2970 uon
374 2930 437 2970 esse
461 2913 489 2970 in
513 2913 594 2982 loco,
618 2908 733 2969 rideant
753 2930 836 2988 quam
866 2905 992 2988 aportel)
1020 2919 1120 2967 contra
1148 2924 1178 2967 vt

171 2994 283 3051 rientem
306 2996 409 3051 clausis
423 3006 515 3051 tamen
533 2995 623 3051 oculis
645 3004 721 3051 eant.
766 2993 798 3049 ln
815 2994 943 3070 praesepi
960 2992 1029 3062 luit,
1055 2992 1084 3049 in
1097 3006 1178 3063 eruet

173 3076 396 3148 lerosolnmis¹¹·)
420 3096 482 3135 enm
506 3087 637 3154 parentes
657 3084 753 3133 essent
773 3077 801 3132 in
822 3077 953 3147 intinere,
979 3076 1008 3133 in
1031 3074 1178 3153 sepulchre

171 3168 253 3216 extra
283 3158 461 3237 sepulerum,
485 3160 526 3216 uit
552 3159 626 3216 enim
654 3158 790 3234 angelus:
822 3158 955 3217 Surrexit
981 3179 1036 3215 non
1066 3168 1112 3217 est
1138 3156 1178 3231 h'q

172 3239 217 3299 En
238 3239 317 3299 vobis
335 3240 469 3311 locum,
494 3241 541 3299 ubi
557 3252 710 3320 posuerant
726 3241 814 3301 illum.
858 3240 898 3299 Et
911 3261 946 3301 ne
964 3243 1075 3321 possint
1089 3240 1178 3301 tinen

174 3324 351 3402 eorpuseius
366 3343 429 3383 esse
451 3324 573 3403 ubique,
605 3322 735 3383 audiant:
760 3325 849 3385 Venit
862 3326 940 3383 lesus
963 3326 1054 3383 ianuis
1080 3324 1178 3395 elaus'n

174 3418 204 3467 et
224 3408 304 3465 stetit
323 3407 352 3465 in
375 3406 497 3466 medinm
526 3408 661 3486 ipsorum.
715 3407 791 3482 Quid
818 3410 914 3467 venire
935 3409 1035 3467 inisset
1054 3428 1178 3486 opus,.t

174 3510 277 3570 corpus
297 3492 360 3549 eius
382 3501 427 3550 cst
449 3491 569 3569 ubique,
593 3489 642 3550 sed
667 3492 865 3550 invisibiliter?
887 3494 956 3550 satis
977 3493 1101 3549 intumum
1124 3502 1178 3550 erut

175 3593 231 3634 nou
253 3575 369 3645 venire,
393 3571 443 3633 sed
464 3575 511 3653 qui
532 3594 665 3654 praesens
685 3588 748 3635 crat
762 3595 825 3635 sese
844 3576 934 3635 solum
948 3573 1117 3634 ostendisse.
1142 3572 1178 3635 Se

175 3656 288 3716 valeant
313 3668 368 3716 tam
397 3658 587 3718 calumniosae
613 3679 724 3737 nugae,
754 3679 826 3738 qnae
856 3658 937 3718 nobis
963 3659 1112 3717 veritatem
1142 3667 1178 3717 tut

176 3742 358 3801 humanitatis
380 3741 503 3813 Christi,
528 3754 584 3801 tum
607 3763 750 3803 sacrarum
774 3744 918 3801 literarum
940 3742 1053 3800 tollunt.

217 3824 299 3884 llaec
331 3827 490 3885 testimonie
519 3828 621 3885 tollunt
650 3827 777 3905 corporis
799 3825 906 3885 Christi
928 3827 1118 3904 praesentiam
1139 3820 1178 3883 ub

178 3926 232 3987 que
263 3928 344 3987 qnam
378 3911 408 3966 in
435 3909 539 3980 coelo,
566 3912 702 3969 canonice
729 3908 889 3989 loquendo,
919 3910 973 3968 hoc
1002 3920 1045 3968 cst
1067 3916 1178 3987 quantu}

0 3991 261 4074 00021‚00„.nobis
276 3994 417 4071 scriptura
437 4003 549 4052 constat
570 3992 605 4052 de
627 3995 741 4072 ingenio
763 4005 792 4053 ct
814 3994 985 4073 proprietate
1002 3992 1132 4071 corporis
1152 4010 1178 4050 st

12 4071 91 4117 ΨΜ
108 4073 292 4155 ⁸⁰¹¹·sumpti.
338 4076 537 4156 Quantumque
552 4079 723 4137 antinominc
743 4087 859 4155 cogunt,
885 4096 956 4155 qune
971 4073 1105 4156 quicquid
1123 4072 1178 4134 noh

1 4131 214 4234 ''lmiaem'de
235 4161 362 4240 potent-is
382 4159 440 4220 llei
461 4181 662 4242 proponamus,
685 4181 827 4241 uunquam
848 4171 941 4219 lemen
964 4161 1021 4220 huc
1041 4159 1124 4218 ”ollis
1145 4168 1176 4217 ²⁰

176 4282 397 4299 u*

212 4343 242 4409 ht
263 4342 303 4398 irs
320 4360 372 4399 om.
390 4345 459 4413 opp.
518 4344 541 4413 l)
560 4345 610 4398 Ed.
628 4359 667 4413 pr.
685 4344 800 4412 nslpme.
835 4340 875 4412 m)
892 4342 963 4410 Opp-
981 4342 1176 4412 ffoemsnlymis.
