2648 4928
462 268 737 331 -ensursuro
958 352 962 356 Ι
1070 277 1162 381 auru

49 426 221 495 Γιμιιφι
239 436 278 477 ae
302 414 410 474 eleetia
435 415 514 485 signa
536 420 762 479 administrantur.
796 422 902 481 Verltu
920 430 1008 483 auteur
1025 427 1163 498 signorum

46 509 135 563 athos
152 510 219 561 nolas
235 504 382 576 pervenit.
418 499 465 571 tt)
482 503 592 557 Certm
608 504 714 574 quidam
729 511 772 561 est
785 508 876 562 offerri
893 502 1066 569 communiter
1076 516 1164 571 omui·

47 594 94 647 lua
110 591 235 644 chrum
251 606 320 643 mm
341 587 405 640 suis
423 585 516 653 donis,
539 602 589 641 neo
612 587 748 643 hominum
768 590 925 645 infidelitate
942 595 1092 649 labefactari
1108 596 1162 652 Dei

49 675 187 739 uenus,
200 676 267 743 quin
287 688 406 741 semper
424 671 479 724 rius
495 686 571 725 suana
587 672 720 727 retineant
735 681 917 746 sacramenta3
934 677 982 729 aed
999 694 1052 731 noa
1070 694 1162 733 earnes

55 758 177 827 rarip'uali
199 768 262 811 sunt
289 772 421 825 capaces.
456 756 549 823 ltaque
566 770 602 809 ex
618 755 670 810 Dei
697 763 773 826 parta
796 757 861 811 nihil
880 765 1011 827 mutatur,
1036 768 1163 831 quantum

63 854 114 893 sero
135 842 163 893 ad
191 841 322 894 homines
350 844 472 909 spectat,
502 837 614 907 quisque
644 854 692 908 pro
722 840 787 894 lldel
818 857 884 895 suae
908 859 1034 899 mensura
1057 843 1162 913 aooipit.

63 924 99 989 li}
116 924 345 980 Cswadmodnm
380 927 471 975 autem
496 920 580 975 nihilo
604 923 662 991 plus
680 922 831 977 infidelibus
854 924 957 978 conlert
982 932 1163 981 aeramento-

58 1020 105 1059 ιιι
118 1024 190 1074 usas,
207 1026 291 1077 ιιιιι
311 1007 338 1060 ιὶ
360 1006 543 1073 abstinerent,
560 1005 615 1060 imo
631 1005 684 1061 illis
703 1012 805 1060 tantum
828 1009 942 1063 exitialis
957 1014 1013 1075 est,
1031 1009 1070 1063 ita
1085 1016 1163 1065 extra

58 1106 132 1145 ιιι
146 1108 220 1145 ιιιι
237 1092 375 1146 fidelibus
391 1094 506 1153 mustei,
523 1106 592 1159 quae
609 1089 665 1145 illie
680 1090 814 1158 liguratur
829 1091 934 1145 veritas.
968 1092 1014 1147 Sio
1030 1094 1163 1162 bapt‘uno

56 1175 130 1227 alluta
152 1184 213 1227 sant
237 1176 325 1229 Pauli
352 1180 482 1243 peoeata,
508 1189 577 1244 quae
604 1172 658 1227 iam
683 1174 758 1243 prius
782 1173 873 1227 abluta
895 1179 980 1229 arant.
1020 1176 1067 1231 Siu
1090 1176 1164 1233 idam

56 1256 181 1325 iaptiruaus
197 1258 335 1313 cornelio
354 1256 407 1310 tuit
425 1259 556 1311 ternorum
574 1256 800 1325 regenerationis,
826 1256 871 1326 qui
890 1264 977 1311 tamen
995 1258 1050 1313 iaus
1067 1259 1164 1330 spiritu

47 1352 134 1396 -nuto
148 1343 261 1396 donam
280 1348 357 1395 erat.
388 1341 437 1394 Sio
458 1341 488 1395 in
510 1356 594 1395 eoena
614 1357 651 1409 ¹ae
668 1340 745 1395 uobis
761 1336 936 1395 oonunhmioat
953 1340 1092 1413 christus,
1117 1341 1165 1413 qul

54 1432 129 1479 ane·
145 1434 276 1496 perpetuo
299 1427 332 1479 ia
357 1425 435 1479 nohis
454 1430 560 1491 maaet;
582 1422 630 1479 aad
653 1430 784 1494 quatenus
805 1424 977 1478 nonnanis
993 1426 1165 1481 oonlirmatur

55 1518 79 1563 ι
96 1512 208 1577 ιιμίι
231 1511 323 1576 fides,
350 1509 542 1565 oondmentur
563 1509 592 1562 in
616 1510 694 1563 nobis
716 1508 769 1562 Dei
792 1508 879 1573 dona,
905 1508 1025 1579 adeoque
1043 1509 1164 1578 augesoit
1214 1566 1220 1575 ,

56 1594 231 1661 muodo
251 1593 386 1647 Christus
412 1591 440 1645 in
464 1591 556 1659 nobis,
580 1599 608 1646 et
632 1609 682 1647 nus
707 1593 735 1647 in
756 1592 825 1662 ipso.
861 1591 906 1664 16)
923 1592 965 1645 Ad
980 1592 1047 1646 haec
1063 1593 1164 1648 utilitas
1267 1606 1272 1615 “

53 1692 120 1745 ιιι
134 1694 168 1731 ea
183 1674 367 1732 sacramentis
384 1676 544 1745 percipimus
561 1677 595 1730 ad
612 1682 734 1746 tempus,
759 1692 813 1746 quo
832 1692 866 1730 ea
882 1675 960 1730 nobis
977 1675 1163 1731 administran-

53 1766 101 1825 lt,
115 1762 238 1827 sutringi
257 1760 374 1814 minima
391 1760 486 1828 debet,
504 1761 614 1830 pssinde
631 1778 664 1816 ao
680 1761 703 1815 si
720 1760 826 1828 signum
842 1759 962 1824 visibile,
980 1759 1043 1812 dum
1060 1759 1088 1813 iu
1105 1776 1165 1814 ma-

53 1842 91 1897 b
103 1844 243 1912 protertur,
261 1844 364 1897 eodem
381 1860 473 1899 seeum
489 1851 623 1900 momento
642 1845 756 1914 gratiana
774 1843 828 1899 Dei
843 1842 996 1898 adveheret.
1030 1824 1101 1896 iiam
1117 1842 1165 1913 qui

53 1928 154 1997 apr'naa
169 1926 289 1981 inlantia
305 1928 438 1999 baptisati
454 1934 531 1997 sunt,
555 1944 601 1983 eos
624 1928 653 1982 in
669 1928 784 1999 pueritia
800 1928 843 1981 rel
858 1926 968 1981 lueunte
986 1928 1166 1987 adolesoautia

56 2008 169 2065 ffidun
184 2016 338 2079 regenerat
354 2013 446 2079 Deus,
467 2012 507 2066 ita
529 2012 653 2085 baptismi
676 2013 710 2066 ad
727 2016 813 2066 tutum
835 2010 907 2065 vitae
923 2011 1062 2065 deounum
1081 2018 1163 2082 petet,
1190 2072 1194 2081 ,

60 2092 249 2164 §ameno
277 2096 355 2164 riget
377 2112 448 2167 quaa
471 2096 528 2151 illie
548 2096 698 2150 continetur
713 2095 869 2168 promissio,
894 2100 922 2149 et
944 2111 1037 2151 norae
1055 2096 1166 2151 Οιιιιι

56 2190 119 2239 ιι,
134 2180 176 2247 oui
194 2180 223 2231 in
241 2186 305 2233 aeta
324 2180 387 2249 ipso
406 2186 515 2249 propter
534 2180 732 2247 incogitantiam
751 2182 795 2235 rel
812 2179 964 2235 tarditatem
980 2185 1098 2232 nostram
1115 2196 1165 2249 pa-

51 2274 104 2315 tum
117 2263 234 2332 prodest,
251 2263 370 2319 tructam
385 2264 483 2319 deinde
498 2280 575 2318 suuua
590 2264 700 2335 profert.
731 2266 777 2333 17)
795 2264 955 2317 Praesertim
971 2279 1034 2317 uero
1047 2262 1165 2319 tollenda

52 2354 89 2397 ert
103 2347 265 2414 praesentiae
281 2348 379 2401 loealis
404 2348 568 2417 imaginatio.
600 2349 671 2402 Nam
687 2365 747 2404 oum
765 2348 810 2403 hio
832 2347 910 2415 signa
929 2346 957 2400 iu
975 2349 1164 2418 mundarunt,

57 2432 129 2483 oul'n
144 2438 298 2496 uersentur,
316 2434 460 2502 palpentur
476 2432 606 2500 menibus,
624 2432 746 2487 Christus
763 2448 817 2487 non
834 2432 897 2486 alibi
914 2448 993 2502 quam
1010 2434 1097 2500 eoelo,
1113 2448 1165 2487 neo

64 2512 129 2563 ahter
144 2530 221 2581 quant
239 2526 329 2567 mente
344 2522 373 2569 et
389 2516 454 2568 fidel
472 2514 646 2583 intelligentia
664 2518 830 2585 quaerendus
850 2522 900 2570 est.
934 2515 1024 2570 Quare
1036 2531 1164 2583 perversa

63 2602 89 2645 et
108 2597 184 2664 impia
206 2599 354 2665 superstitio
371 2606 430 2667 est,
454 2600 540 2669 ipsum
565 2601 613 2653 suh
639 2602 777 2654 elementis
799 2600 877 2653 huius
901 2599 992 2652 mundi
1016 2599 1163 2655 includere.

69 2680 112 2739 til
126 2681 185 2731 tlte
202 2682 279 2730 medo
300 2698 349 2735 nou
367 2690 469 2737 tantum
492 2684 621 2736 refutatur
639 2683 808 2752 Papiatarum
827 2687 1003 2738 commentum
1025 2682 1058 2734 de
1076 2693 1164 2735 tranr-

75 2762 292 2819 suhstantietieue,
308 2767 349 2815 aed
361 2784 445 2820 erasse
463 2769 551 2821 omniu
568 2769 704 2834 figmenta,
720 2783 788 2834 quae
807 2768 849 2818 uel
866 2765 974 2817 coelesti
991 2763 1048 2816 eius
1063 2768 1164 2831 gloriae

74 2845 222 2903 detrahunt,
240 2848 279 2896 vel
296 2846 407 2905 humanae
423 2860 536 2906 naturae
555 2851 660 2907 ueritati
678 2850 765 2902 minus
785 2854 847 2901 aunt
865 2853 1058 2901 consentanea:
1077 2865 1163 2916 neque

66 2931 130 2982 enirn
154 2931 244 2982 minos
264 2931 393 2988 absurdum
416 2938 563 2990 iudicamus
581 2935 716 2988 Christum
744 2935 794 2986 sub
818 2948 888 3001 pane
912 2932 1016 2995 locare,
1043 2933 1082 2985 vel
1104 2948 1164 2984 eum

60 3033 122 3084 pune
141 3018 281 3085 copulare,
306 3035 380 3087 quam
404 3038 501 3090 panem
525 3019 774 3073 transsubstantiare
799 3015 902 3069 ineius
920 3030 1025 3081 corpus.
1061 3014 1106 3082 19)
1126 3016 1165 3068 Ae

58 3116 87 3151 ae
103 3120 152 3170 qua
167 3102 326 3168 anuiniguitas
344 3112 437 3174 restet,
455 3123 513 3159 curn
532 3105 559 3158 in
577 3108 651 3158 coelo
668 3101 847 3173 quaerendum
865 3114 924 3151 esse
943 3096 1079 3150 Christum
1097 3096 1165 3150 dici-

59 3201 120 3252 mus,
145 3186 212 3239 haec
237 3188 334 3240 locutio
357 3191 477 3242 locorum
495 3190 645 3242 distantiam
665 3192 742 3240 sonat
759 3191 787 3239 et
804 3183 945 3252 exprimit,
971 3180 1076 3233 tametsi
1093 3181 1165 3232 enim

58 3272 151 3337 proprie
168 3272 304 3338 loquendo
323 3289 404 3340 supra
421 3277 509 3327 coelos
528 3277 601 3327 locus
618 3288 671 3326 nou
685 3277 736 3338 est,
753 3269 815 3338 quia
833 3275 921 3320 tamen
938 3281 1035 3331 eorpus
1054 3264 1165 3330 Christi,

57 3366 83 3403 ur
97 3356 143 3406 lert
159 3355 269 3407 humaui
290 3358 408 3424 corporis
425 3366 526 3419 natura,
544 3357 646 3409 linitum
665 3361 716 3421 est,
737 3361 763 3407 et
782 3354 858 3408 coelo
876 3349 1035 3414 continetur,
1056 3363 1166 3399 neeesse

58 3448 92 3487 est
112 3455 127 3489 ι
150 3439 228 3489 nohis
248 3444 325 3491 tanto
344 3441 461 3494 locorum
480 3442 617 3495 intervallo
635 3440 752 3502 distare,
777 3443 904 3504 quantum
930 3433 1033 3485 coelum
1059 3431 1167 3483 alleato

56 3530 123 3573 terra.
156 3524 203 3587 tu)
224 3522 347 3577 Quodsi
370 3525 557 3591 imaginatione
582 3531 672 3579 nostra
690 3522 824 3576 Christum
849 3517 911 3586 pani
932 3523 958 3568 et
978 3514 1037 3567 uino
1056 3514 1167 3579 ailigere

57 3603 89 3654 lus
104 3623 152 3657 nun
171 3616 230 3669 est,
257 3609 344 3658 multo
363 3609 449 3661 minus
468 3611 531 3662 lieet
548 3611 576 3662 in
593 3625 663 3678 pane
687 3623 748 3658 eum
767 3604 894 3664 adorare3
919 3614 1076 3667 quamquam
1094 3597 1167 3647 enim

58 3692 119 3753 paui»
135 3692 162 3742 in
182 3692 337 3754 symbolum
363 3699 391 3745 et
410 3694 504 3760 pignus
524 3694 581 3747 eius
597 3709 677 3761 quem
696 3691 823 3743 habemus
842 3701 902 3738 oum
922 3682 1029 3735 Christo
1047 3695 1168 3733 commu-

59 3777 193 3839 emtionis,
213 3774 295 3826 nohis
314 3776 467 3844 porrigitur,
485 3779 547 3846 quia
569 3783 656 3830 tamen
673 3775 778 3841 siguum
796 3777 846 3834 est,
863 3784 916 3819 non
936 3781 979 3818 res
997 3765 1063 3833 ipsa,
1083 3777 1168 3829 neque

62 3872 101 3909 ua
119 3862 144 3910 in
162 3877 193 3911 se
213 3858 297 3909 habet
313 3859 459 3928 inclusam,
483 3863 584 3914 idolum
607 3876 690 3913 exeo
707 3857 824 3922 iaciunt,
849 3852 895 3922 qui
913 3855 1029 3903 mentem
1047 3863 1123 3900 suam
1139 3846 1168 3896 1¹¹

66 3956 104 3993 t:
120 3948 304 4008 conuertunt,
324 3941 461 3998 Christum
478 3943 625 3999 adoraturi.

113 4096 225 4154 Eodem
246 4104 398 4172 tempore,
418 4117 475 4174 quo
495 4098 627 4157 Caluinus
651 4092 798 4163 articulos,
827 4105 899 4165 quos
920 4091 1075 4161 propterea
1094 4078 1170 4133 iuse-

58 4202 143 4261 reulus
159 4223 230 4263 esse
248 4203 483 4284 existimavimus,
500 4207 633 4286 quoniam
651 4204 688 4260 illi
707 4200 798 4278 prima
814 4194 894 4272 quasi
912 4207 1064 4248 cousensus
1078 4185 1172 4257 Tigu-

54 4314 95 4369 rhi
111 4315 293 4375 lineamenta
311 4314 467 4391 continent,
486 4315 523 4376 ad
539 4315 700 4377 Beruenses
720 4307 806 4374 misit,
823 4304 909 4364 etiam
930 4317 994 4357 oum
1008 4298 1047 4355 ll.
1064 4289 1174 4350 Bullin-
