2648 4928
262 173 265 180 ’
286 210 308 267 ι

385 296 784 373 maenomenon
867 270 894 355 ἰ·
1063 300 1140 383 ⁷25
1181 294 1185 311 ·
1229 350 1236 366 .

112 476 272 558 scrupulis,
300 488 330 539 et
356 477 616 557 exagitationibus,
649 478 744 538 omnia
772 478 876 559 passim
905 480 1136 562 compleverunt:

99 588 101 614 ι
123 573 204 623 certe
225 563 324 639 gravia
345 563 372 621 iu
395 561 491 634 tidem,
503 563 531 621 io
545 561 723 634 charitatem,
737 563 767 621 iu
787 562 1006 640 bunos'morea,
1028 568 1058 627 lu
1079 566 1137 629 Ec·

100 665 136 706 ae
157 646 292 705 unitatem
313 653 344 705 et
363 663 475 725 pacem,
496 655 627 724 paccata,
648 664 713 705 cum
732 645 761 704 in
783 644 859 705 nulio
888 643 1001 708 bomine
1021 651 1156 711 tolerari·

99 753 101 781 ι
123 728 243 807 possint,
266 729 293 787 in
316 727 484 788 Pectoribus
508 747 631 788 censura
657 729 838 788 severissima
859 728 896 789 ab
919 732 996 792 omui
1015 749 1087 794 aevo
1108 736 1137 794 iu

99 813 160 871 esis
187 821 340 890 usurpata,
368 812 530 871 necessario
555 809 742 871 animadverti
775 808 897 884 debonis
933 812 1136 891 sitiones,
1216 888 1219 893 ,
1274 874 1281 885 .
1310 804 1314 813 ⁶

99 905 158 954 cato
178 892 236 954 Dci
256 904 356 954 sancto
379 895 504 966 nomine,
528 894 794 954 suaeaactoritatis
813 913 851 955 ex
868 895 956 956 verbo
967 894 1025 958 Dei
1047 899 1137 980 probe

99 978 153 1049 cia,
176 978 300 1037 omnium
320 977 507 1056 legitimarum
527 988 586 1037 tuus
606 987 734 1037 veterum
756 986 813 1037 tun
834 980 991 1040 meantium
1005 972 1137 1063 Synnt'o-

109 1061 239 1139 vestigiis
267 1061 424 1134 insistens,
450 1071 480 1121 et
509 1055 762 1121 illustrissimorum
784 1058 854 1119 titt.
877 1060 1016 1124 Ordiuusu
1039 1065 1136 1126 Geue-
1218 1124 1221 1129 .

101 1165 126 1205 m
145 1144 313 1204 auctoritate
335 1146 459 1216 munita,
492 1141 618 1204 declarat
644 1154 730 1225 atque
752 1141 878 1216 iudicat,
900 1142 1036 1207 Pastore:
1060 1149 1134 1226 illos,

99 1229 212 1306 partium
234 1228 263 1287 in
283 1226 417 1288 Ecclesia
437 1226 585 1300 ductores,
607 1235 637 1287 et
657 1245 786 1286 errorum
808 1225 942 1288 dectores
963 1248 1135 1312 scseprac·

99 1321 164 1383 unt,
192 1320 342 1390 cemuptae
368 1311 533 1389 religionis,
561 1311 670 1371 scissae
688 1298 840 1379 Ecclesiae
862 1312 997 1386 unitatis,
1021 1325 1051 1374 ct
1068 1334 1136 1395 gra·
1220 1376 1223 1383 ,
1273 1354 1277 1361 ,

99 1414 201 1455 morum
225 1392 433 1465 scandalorum,
457 1395 558 1454 citatos
580 1412 650 1453 vcro
677 1391 714 1452 ad
740 1392 814 1453 btuc
841 1392 1006 1474 Synodum,
1035 1398 1136 1458 intole-

99 1497 131 1540 ae
163 1479 280 1556 iusuper
305 1476 441 1537 adversus
468 1478 592 1556 supremi
615 1477 796 1555 magistrates
820 1478 851 1536 iu
872 1476 927 1537 lrac
945 1478 1063 1560 Synodo
1083 1502 1135 1560 pu-
1251 1512 1254 1517 ·

101 1570 128 1621 ta
150 1560 280 1632 decreta,
303 1563 447 1640 ipsamque
469 1557 745 1620 incommomodum
760 1558 922 1641 synodum,
944 1564 1134 1641 pervicaciae,

110 1655 142 1706 et
163 1646 308 1705 convictos
328 1645 433 1703 teneri.
477 1643 556 1717 Qnsas
573 1643 609 1702 ob
631 1662 753 1719 cauma,
778 1645 872 1724 primo
899 1643 1032 1726 Synodus
1052 1666 1135 1727 prae·
1233 1645 1237 1653 '

99 1729 220 1787 scitatis
241 1728 317 1787 omni
344 1728 540 1787 ecclesiastico
563 1745 680 1787 munera
702 1726 866 1807 interdicit,
885 1746 992 1808 eosque
1017 1729 1054 1791 ab
1075 1732 1134 1791 olli·
1256 1778 1279 1795 ..

99 1812 158 1873 tuis
178 1809 303 1884 abdicat,
327 1820 358 1870 et
380 1808 554 1871 academicis
575 1804 766 1875 linctionibus
794 1811 880 1871 ctiam
909 1810 1041 1892 indiguos
1067 1832 1135 1876 esse

99 1906 147 1968 st,
177 1892 269 1956 donec
297 1912 348 1974 per
377 1895 482 1954 seriam
510 1894 753 1973 resipiscentiam,
780 1891 882 1968 dictis,
910 1895 1012 1970 iactis,
1035 1897 1136 1958 studiis
1264 1950 1268 1957 ,
1295 1876 1302 1891 ⁵

99 1979 176 2039 striis
203 1975 314 2038 abunde
340 1979 569 2056 comprobatam,
602 1975 753 2038 Ecclesiae
780 1979 977 2052 satisfaciant,
1010 1988 1041 2039 ct
1071 2000 1135 2041 curu

99 2079 123 2121 m
144 2079 214 2121 vere
242 2071 273 2121 et
294 2061 377 2138 plene
397 2060 637 2132 reconcilientur,
667 2071 753 2141 atque
772 2058 809 2121 ad
829 2063 892 2123 aius
911 2063 1134 2125 cummunionem

99 2143 216 2205 iautur:
242 2143 316 2224 quod
339 2162 391 2201 nos
412 2144 441 2202 in
463 2144 588 2222 ipso'rum
601 2142 718 2214 bouum,
742 2152 772 2202 et
791 2145 878 2203 totius
892 2142 1044 2205 Ecclesiae
1065 2167 1135 2226 gau-

117 2229 203 2287 uuice
223 2228 251 2286 in
265 2225 381 2286 Christo
394 2223 517 2285 Domino
538 2235 636 2285 nostro
657 2235 832 2304 exoptamus.
874 2225 1014 2306 Reliquos
1026 2239 1133 2303 autem,

99 2331 139 2370 tm
161 2311 286 2389 cognitio
308 2308 344 2369 ad
365 2307 511 2388 Synodum
534 2309 606 2369 banc
627 2306 808 2369 Natioualctu
831 2328 887 2370 nou
907 2304 1035 2383 devenit,
1058 2311 1134 2394 Syn-

99 2392 343 2473 Prouincialium,
367 2391 529 2465 classibus,
552 2391 798 2472 etPresbyteriis‚
820 2411 857 2453 cx
880 2391 982 2452 ordine
1003 2407 1133 2475 recepto,

99 2478 187 2539 sittit:
209 2496 282 2557 quae
304 2478 379 2536 omui
398 2474 490 2536 studio
510 2485 666 2555 procurent
684 2493 721 2535 ne
736 2473 803 2554 quid
815 2473 950 2536 Ecclesia
972 2474 1134 2539 detrimenti

99 2578 117 2621 ι
138 2580 277 2640 praesens
292 2578 407 2639 capere,
430 2560 475 2618 vcl
488 2560 517 2618 in
537 2569 679 2637 posterum
694 2568 820 2618 metuere
845 2560 948 2638 possit.
993 2557 1134 2621 Erromm

99 2662 140 2704 tm
164 2655 321 2705 sectatores
354 2644 456 2722 spiritu
490 2641 655 2721 prudentiae
687 2640 902 2702 discriminent:
936 2642 1132 2717 refractarios,

99 2747 174 2802 asos,
196 2728 344 2797 factiosos,
367 2726 540 2798 turbatores,
562 2744 644 2806 quam
665 2725 785 2804 primum
799 2726 900 2785 officiis
916 2727 1132 2801 ecelesiasticis,

99 2812 276 2883 eustasius,
304 2829 377 2890 quac
406 2820 470 2868 suet
497 2827 566 2868 suae
593 2809 764 2886 cognitionis
793 2819 958 2889 stratae,
980 2809 1131 2872 abdicent:

99 2911 112 2951 s
134 2896 247 2954 nomine
269 2904 435 2964 monentur,
458 2903 488 2951 ut
510 2892 585 2950 nulla
606 2892 758 2951 interiecta
780 2910 876 2965 mora,
899 2902 964 2970 post
981 2906 1132 2973 acceptum

128 2977 240 3058 Synodi
262 2976 422 3037 Nationalis
444 2975 597 3048 iudicium,
621 2975 779 3054 ‘impetrata
806 2974 841 3035 ad
873 2975 927 3034 boc
952 2978 1133 3055 magistratus

99 3063 209 3132 ritate,
231 3062 419 3131 conveniant,
442 3079 477 3118 ue
499 3056 664 3118 lentitudine
692 3059 792 3116 malum
820 3057 977 3119 invalescat
998 3071 1027 3120 ct
1048 3061 1133 3121 robo-

99 3185 109 3201 .
156 3143 203 3203 Es
230 3146 409 3214 infirmitate,
439 3153 468 3201 ct
499 3143 566 3227 vitio
594 3152 749 3221 temporum
777 3142 889 3221 lapsos,
917 3143 961 3201 vel
986 3142 1135 3224 abreptos,

121 3229 275 3288 levioribus
296 3229 369 3287 lorte
390 3227 584 3299 haesitantes,
614 3234 662 3284 aut
690 3226 774 3284 etiam
797 3225 1017 3299 dissentientes,
1036 3227 1133 3288 mode·

99 3320 210 3381 tamen,
232 3309 357 3381 sedatos,
381 3312 455 3369 vitae
476 3309 648 3387 inculpatae,
670 3305 791 3381 du'ciles,
811 3309 887 3367 omni
908 3308 1039 3383 lenitate,
1064 3310 1131 3371 cba-

99 3413 114 3452 s
139 3395 260 3466 officiis,
280 3395 448 3474 patientia,
476 3392 512 3451 ad
539 3411 634 3452 veram
655 3402 740 3472 atque
766 3393 921 3471 perfectam
951 3392 1131 3455 concordiam

99 3477 240 3538 Ecclesia
260 3486 428 3557 provocent:
454 3476 492 3534 ita
512 3486 618 3548 tamen,
639 3486 670 3534 ut
692 3474 846 3553 diligenter
867 3476 922 3536 sibi
943 3489 1074 3550 careant,
1094 3497 1131 3538 ne

99 3583 185 3642 quam
207 3560 372 3621 adsacrum
396 3559 581 3618 ministerium
612 3559 779 3630 admittant,
805 3561 853 3638 qui
877 3558 1024 3624 doctrinae
1051 3561 1132 3622 bisce

99 3643 167 3705 licis
187 3644 436 3704 constitutionibus
466 3643 627 3703 declaratae
654 3643 853 3713 subscribere,
885 3662 1003 3724 cumque
1026 3642 1131 3706 docere

101 3740 155 3789 et:
188 3730 327 3787 neminen:
354 3730 437 3788 etiam
464 3728 622 3799 retineant,
651 3727 732 3785 cuins
762 3726 910 3787 manifesta
939 3727 1129 3799 dissensione,

99 3810 150 3872 ina
170 3812 199 3870 in
215 3804 268 3870 bac
284 3809 400 3891 Synodo
416 3820 498 3869 *tauto
523 3829 666 3869 consensu
687 3808 868 3889 comprobata
888 3810 1002 3883 violari,
1024 3821 1055 3869 et
1074 3810 1131 3870 Pa-

99 3913 126 3955 m
148 3893 313 3967 concordia‚
336 3893 586 3972 Ecclesiaruunquc
608 3892 793 3972 tranquillitas
804 3891 896 3952 denuo
916 3894 1022 3953 turbari
1035 3903 1131 3971 queat.

99 3987 178 4039 terea
204 3976 365 4039 veneranda
403 3977 473 4036 haec
501 3975 635 4055 Synodss
673 3975 749 4034 serio
789 3987 885 4034 mouet
918 3976 1131 4036 ecclesiasticos

99 4081 119 4122 ts
139 4072 250 4133 coetus,
273 4073 304 4120 ut
324 4061 474 4138 invigilent
493 4059 709 4138 diligentissime
738 4059 766 4117 iu
795 4078 900 4137 greges
923 4059 979 4118 sibi
998 4061 1131 4120 commis·

101 4145 231 4205 omnibus
253 4143 488 4204 subnascentibus
510 4145 538 4202 in
549 4142 683 4204 Ecclesia
704 4143 876 4202 novitatibus
889 4154 995 4205 mature
1018 4144 1128 4203 ebriam

99 4274 101 4288 ι
122 4246 228 4308 easque
249 4239 380 4308 uuquam
401 4227 512 4288 ziaauia
529 4246 566 4288 ex
590 4247 663 4306 agro
680 4225 800 4287 Domini
822 4226 961 4288 evellant:
983 4226 1132 4289 attendant

99 4312 127 4374 lis
145 4322 177 4375 et
198 4311 358 4375 nebularum
383 4309 609 4373 moderatoribus
636 4330 673 4374 aa
699 4329 757 4393 qua
781 4309 957 4392 captivatis
979 4312 1131 4375 amentiis
