2648 4928
329 282 792 371 commonuerat.
987 250 1179 384 ‘aar'

103 466 274 547 reflant,-
288 468 359 553 qmd
378 468 509 535 hemines
529 480 595 534 rute
615 490 668 533 nos
681 474 728 535 val
748 471 899 551 direrunt,
918 475 966 541 rel
985 476 1130 558 decem

116 552 187 638 pass
198 552 333 636 aputu·
356 566 473 619 nactur
495 556 695 630 uniformiter,
725 559 754 618 in
778 577 900 640 corpore
919 560 1029 626 Srarae
1048 562 1132 627 Sert-

99 636 234 713 ntum,
254 648 286 703 rt
301 637 368 721 qnid
381 638 464 701 larua
479 636 614 701 Christus
635 640 698 720 ipso
713 641 804 714 lecit,
826 652 856 703 at
870 644 1031 708 faciendum
1045 666 1132 729 praa·
1155 698 1158 705 .

99 763 105 785 .
138 720 212 783 flac
231 724 310 783 euim
330 740 430 785 omnes
449 721 517 783 siue·
534 724 736 785 controversia·
752 724 879 788 meatur
899 727 1037 809 Spiritum
1055 728 1130 807 not,

99 805 264 871 unitatis
277 805 417 886 Spiritus,
439 804 538 867 nullihi
557 805 613 865 sihi
634 809 807 869 contrarium
821 826 899 882 erse,
922 810 1022 889 tCor,
1034 820 1128 887 lm.

99 906 170 970 apr
188 878 404 970 interpretatio,
425 886 641 963 determinatio,
663 890 708 951 rel
727 892 869 953 renuntia
883 896 1009 958 cuiusvis
1022 894 1131 960 dorto-

99 968 236 1037 ludariae
252 973 308 1039 rel
336 972 469 1045 concilii,
498 991 638 1051 expresso
661 971 720 1035 Dei
748 974 856 1047 verho,
889 977 919 1036 in
944 980 1130 1059 prusiadis

99 1066 184 1119 lam
205 1054 270 1119 loro
290 1065 448 1136 repugnet:
470 1067 579 1117 eertum
600 1067 647 1116 est
668 1057 743 1118 illam
765 1058 1057 1139 interpretationem,
1071 1084 1131 1127 auu

99 1150 279 1201 mntem-at
299 1158 415 1201 censum
435 1138 535 1201 Sancti
551 1139 687 1219 spiritns,
710 1143 838 1221 quamvis
851 1132 1003 1219 Caecilia,
1025 1144 1131 1227 lingna

99 1224 208 1285 tiaras
222 1242 287 1285 eam
307 1222 475 1284 admiserint
496 1233 527 1283 et
547 1224 786 1303 approbaveriuta
817 1226 920 1287 nullum
943 1229 1020 1290 enim
1038 1231 1132 1293 turer·
1199 1250 1202 1257 ¹

99 1306 206 1367 donam
218 1305 371 1368 admittere
386 1304 540 1378 audemus,
563 1325 635 1387 quae
649 1308 733 1369 alicui
751 1308 902 1391 principali
915 1312 1035 1373 ornato
1049 1310 1128 1393 utet,

99 1390 172 1453 herai
190 1388 278 1473 plura
294 1391 385 1453 textui
406 1389 572 1475 Scripturas
592 1390 799 1453 autcharitatir
819 1394 937 1474 regulae
957 1407 1127 1478 repugnant.

212 1570 269 1644 te.
313 1571 633 1639 scnwwunnutr
654 1522 932 1640 amoenus.

99 1724 181 1787 stent
206 1720 351 1785 αοάἱωιι
378 1734 409 1785 et
434 1724 602 1786 confitemur
628 1726 790 1805 Scripturas
811 1723 871 1786 Dei
893 1727 1066 1801 sufficienter
1087 1727 1132 1790 ia·

99 1826 148 1883 ra,
168 1817 201 1869 et
214 1806 357 1869 homiuem
375 1806 435 1868 not
449 1810 606 1888 perfectum
627 1807 769 1871 redderer
791 1810 833 1870 ita
852 1811 914 1871 rior
931 1812 1130 1875 authoritatem

99 1909 225 1964 amre,
245 1900 277 1953 ot
296 1910 349 1952 uec
368 1890 405 1952 ah
428 1891 541 1953 homine
562 1893 607 1953 vel
627 1892 741 1972 Augelo
762 1891 890 1972 pendere
910 1893 1080 1955 affirmamur
1101 1906 1132 1957 et

99 1992 201 2049 m,
231 1974 385 2039 l'l'lmoth.
407 1982 446 2048 8,
465 1984 518 2041 26.
562 1977 728 2037 Asserimur
753 1976 848 2055 inqua
868 1977 942 2058 quod
963 1979 1011 2059 qui
1032 1976 1131 2040 dicunt

99 2069 182 2119 una
196 2078 259 2121 ιιι
270 2059 353 2120 aliam
375 2058 484 2121 hahere
500 2060 718 2135 authoritatem,
739 2057 791 2119 aed
803 2079 868 2120 ean
880 2081 963 2141 quam
974 2062 1010 2123 ah
1024 2060 1131 2123 Eccle-

99 2140 212 2222 ηδ,
232 2151 300 2203 snut
318 2143 349 2202 in
365 2141 462 2204 lirum
479 2143 656 2224 blasphemi,
678 2153 709 2203 et
720 2160 808 2203 verae
826 2142 978 2207 Ecclesiae
997 2146 1130 2207 iniuriam

99 2234 126 2287 it
144 2244 223 2313 pure
242 2244 357 2306 semper
378 2224 478 2299 audit,
512 2237 542 2286 et
562 2228 626 2287 voci
649 2226 747 2306 sponsi
772 2235 803 2287 et
824 2229 950 2307 portoria
970 2229 1023 2291 ‘aui
1041 2226 1133 2291 ohse-

99 2330 128 2383 r,
143 2326 292 2393 anunm
311 2320 406 2372 autem
427 2311 593 2391 magistram
613 2326 702 2390 agero
718 2308 774 2373 sihi
787 2322 924 2393 arrogat,
945 2309 1129 2388 lohuunslo,

99 2398 176 2459 tu.
804 2406 807 2413 ’

103 2528 376 2639 meonetius
390 2574 696 2649 uuuuusuucs,
718 2576 865 2639 sonunt
876 2574 1130 2652 eoruscare,

99 2659 406 2734 aumemnnuu,
427 2660 484 2721 un
507 2660 648 2722 cnes1s
670 2659 752 2723 cun
773 2660 1053 2724 convertuntur.

99 2809 343 2891 Quemadmodum
358 2832 413 2873 uon
430 2821 540 2873 temere
561 2810 724 2873 damnamus
743 2811 812 2873 illud
825 2811 899 2894 qnod
918 2814 972 2874 viri
989 2814 1043 2894 pii,
1062 2831 1134 2875 eou-

99 2898 133 2959 tti
152 2898 186 2959 itt
206 2898 336 2977 generali
356 2895 489 2956 Concilio
512 2897 639 2975 legitime
662 2906 835 2968 convocato,
865 2897 948 2957 nohis
975 2894 1134 2977 'proposue-

99 3004 102 3044 ι
133 2980 175 3043 ila
196 2980 260 3041 riae
288 2981 363 3040 insto
384 2983 514 3041 examine
537 3001 592 3039 nou
617 2978 788 3039 admittimus
805 2979 937 3060 quicquid
957 2980 1130 3053 hominihus,
1231 2992 1234 2997 '

99 3063 162 3125 alie
182 3064 297 3124 concilii
318 3066 432 3124 nomine
454 3062 631 3123 obtrudituns
664 3064 841 3124 munilestom
867 3065 942 3124 enim
962 3074 1030 3138 est,
1056 3062 1133 3144 quod

110 3148 230 3209 tuerent
257 3146 401 3220 homines,
433 3149 474 3206 ita
495 3148 580 3207 ctiam
609 3166 706 3206 eorum
733 3146 844 3225 quidam
873 3148 1023 3209 manifeste
1050 3167 1134 3209 erra-

99 3274 105 3298 .
124 3229 213 3313 idque
232 3231 262 3291 in
284 3230 369 3292 nehus
391 3232 505 3292 maximi
518 3229 654 3310 ponderis
675 3242 705 3290 et
720 3232 864 3291 momenti.
896 3230 1046 3304 Quatenus
1059 3248 1132 3309 erge

99 3314 187 3388 lin,
214 3316 385 3375 sententian
413 3325 444 3375 et
467 3312 623 3374 mandatum
650 3313 724 3394 quod
745 3313 814 3387 dat,
844 3313 944 3393 prohat
968 3314 1051 3394 plano
1073 3311 1133 3375 liet

99 3418 126 3469 r,
147 3409 268 3459 ericum
290 3399 383 3458 atatim
407 3397 527 3477 idipsum
548 3417 714 3459 reveremur
735 3411 764 3460 et
785 3398 991 3477 amplectimur.
1021 3397 1132 3458 Verum

99 3479 256 3542 tenneli
283 3483 395 3541 numine
418 3502 506 3541 novos
530 3480 596 3541 lid'ei
620 3495 734 3542 nostrae
762 3483 895 3542 articulos
922 3480 1004 3540 nohis
1025 3479 1133 3541 cudere

99 3566 300 3626 mentiones
319 3566 408 3627 verho
418 3564 476 3624 Dei
491 3578 682 3645 repugnantes
699 3566 797 3625 lacere
812 3563 1014 3644 praetendente
1038 3574 1134 3625 tamen

99 3658 132 3711 td
149 3668 238 3711 unae
260 3646 327 3709 illud
349 3645 423 3729 quod
452 3650 559 3708 animas
587 3660 700 3709 nostras
722 3668 739 3708 a
760 3667 832 3708 voce
854 3648 942 3707 solius
962 3644 1020 3706 Dei
1043 3647 1134 3707 nostri

99 3741 137 3805 tt,
159 3741 193 3792 ut
211 3732 354 3793 homiuum
372 3732 515 3793 doctrinas
534 3742 565 3792 et
582 3733 801 3792 constitutiones
816 3750 979 3812 sequamur,
1001 3739 1134 3810 uuquam

99 3818 162 3877 im
183 3814 394 3877 daemoniorum
423 3818 535 3895 penitus
561 3817 701 3887 relicere,
731 3814 886 3876 l'l'imoth.
905 3820 946 3888 t,
967 3823 996 3875 1.
1037 3810 1134 3873 Causa

99 3918 130 3973 r,
154 3918 211 3961 cur
229 3901 377 3978 generalia
397 3897 529 3959 Concilio
549 3907 760 3969 convenerunt,
783 3917 839 3957 nun
863 3898 934 3971 luit,
964 3908 994 3958 ut
1010 3893 1134 3975 aliquam

99 3994 187 4045 duam
206 4004 265 4044 acu
286 3994 368 4044 autea
390 3981 489 4042 alico
511 3982 594 4041 latam
616 3982 709 4060 legem
723 3978 898 4052 conderent,
920 3989 1062 4059 nequent
1082 3997 1135 4036 uo·

99 4064 164 4129 idei
192 4077 309 4128 nostrae
336 4067 470 4128 articulos
498 4066 690 4140 fabricarent,
721 4063 769 4125 vel
794 4074 827 4123 ut
850 4062 910 4125 Dei
936 4061 1024 4122 verbo
1048 4059 1134 4120 ullum

99 4152 221 4213 »ritatem
241 4151 416 4213 tribuerent:
448 4150 534 4211 multo
556 4149 666 4222 minus,
695 4157 726 4209 ut
744 4148 875 4210 iacerem
892 4143 961 4207 illud
981 4160 1048 4205 euno
1067 4160 1135 4203 ver-

102 4233 184 4307 lte,
206 4245 256 4297 eut
276 4254 373 4297 reram
392 4235 484 4316 ipsius
498 4232 777 4313 interpretationem,
799 4249 872 4313 quae
892 4238 977 4292 enter
998 4244 1055 4287 nou
1069 4224 1135 4285 lua.

102 4319 299 4387 maim
323 4317 455 4385 veluntas
478 4317 568 4382 verhn
594 4316 686 4400 ipriur
712 4334 861 4400 emersae
909 4310 1021 4375 Verum
1048 4326 1136 4373 carra
