2648 4928
114 304 194 384 236
453 298 650 377 (inmensus
674 301 920 377 uenevonsts·

113 490 279 555 iabrmitete
297 494 416 569 propter
435 483 586 546 clationem
607 483 815 566 reprimendam
834 484 935 567 perlici
954 486 1090 549 virtmem
1111 498 1217 569 oporta-

112 578 184 650 bat,
211 573 282 655 ipsis
302 568 513 651 relinqueretur
532 568 662 630 uoluntas
683 588 751 643 sua,
776 571 863 629 utin
890 567 1030 631 adiutorio
1056 570 1132 645 net,
1163 572 1221 635 siff

18 708 22 713 .
114 678 172 743 qno
200 652 389 738 peneuara'ra
420 672 477 713 non
503 662 637 732 possent,
673 662 822 713 manerent
854 654 880 713 si
908 654 1029 715 vallente
1070 674 1124 715 aec
1144 654 1214 717 tto·

113 750 251 823 operatur
277 748 310 799 ut
335 734 458 797 vellent:
488 737 565 797 inter
585 746 627 795 tot
647 746 678 796 et
698 746 790 796 tantm
818 736 990 797 tentationes
1011 737 1144 799 voluntas
1163 742 1215 817 ipae

112 826 277 889 infirmitate
297 839 348 881 ιιιι
369 819 586 889 succumberet,
605 830 635 880 et
656 818 721 880 ideo
736 839 993 899 perseverare-non
1007 834 1139 901 pomam,
1159 824 1212 905 pata

113 908 280 971 deficientes
301 903 465 963 iaiirmitate
484 922 537 962 occ
558 902 683 974 vellent,
712 914 760 962 ant
780 924 836 965 oen
858 906 898 964 ita
919 904 1025 965 uellent
1045 915 1078 964 ut
1098 912 1209 985 possem

113 992 288 1055 §omentum
308 1006 379 1065 erpo
400 997 445 1046 est
466 987 622 1047 infirmitati
643 986 796 1045 voluntatis
817 986 979 1060 bomanae,
1001 999 1033 1048 ut
1046 986 1141 1049 divina
1157 1008 1210 1071 pra·

111 1079 153 1137 tia
173 1070 413 1135 indeclinabiliter
434 1080 464 1131 et
482 1070 712 1149 inseparabiliter
730 1082 876 1148 ageretur,
899 1082 928 1131 et
948 1069 1014 1131 ideo
1033 1073 1160 1154 quamvis
1175 1074 1213 1149 iu·¹

112 1160 195 1223 urna
215 1176 273 1216 non
294 1152 432 1215 deiiceret
451 1173 505 1214 nec
525 1154 690 1214 intirmitato
709 1153 804 1233 aliqua
824 1156 999 1214 uinceretur.

194 1236 324 1301 Prodest
345 1256 420 1297 nune
440 1237 469 1297 io
491 1235 611 1297 medium
634 1238 826 1297 memorabilis
852 1238 901 1298 ille
921 1238 1004 1297 Pauli
1026 1237 1108 1299 locus
1127 1248 1156 1299 at
1171 1236 1211 1319 pu

110 1344 186 1389 uuus
203 1321 240 1384 ad
260 1318 444 1381 dirimendam
465 1322 697 1382 controversiam.
712 1319 786 1400 apud
808 1320 919 1381 sobrios
941 1332 971 1381 et
993 1324 1151 1401 morigeros
1163 1320 1207 1383 lla'

112 1408 186 1471 dilus
205 1402 317 1468 abunde
338 1404 435 1465 valere
457 1402 589 1464 debebat.
632 1403 697 1463 Etsi
720 1414 813 1464 autem
834 1403 989 1485 Cyclopem
1003 1405 1136 1485 Pigbium
1154 1412 1210 1465 aaa·¹

110 1491 240 1572 temptim
258 1487 342 1548 Pauli
361 1486 450 1547 verba
470 1486 592 1549 illudere
614 1490 714 1547 mirum
737 1508 793 1547 non
816 1498 876 1548 est:
905 1489 1044 1549 iacturum
1066 1502 1156 1551 tamea
1172 1498 1212 1549 ιι·

111 1584 211 1657 spero,
239 1580 272 1632 ut
295 1571 358 1631 sani
386 1590 485 1632 omnes
514 1581 572 1632 tam
601 1570 749 1631 barbaram
772 1570 967 1650 profanaodea
988 1572 1154 1653 Scriptum
1168 1588 1212 1633 aar

111 1658 223 1719 daciam
253 1653 439 1716 detestentur.
490 1654 566 1729 Quia
592 1653 691 1716 ludaei
724 1654 879 1714 Ecclesiae
907 1656 991 1715 titulo
1018 1658 1210 1737 superbimus

83 1766 88 1771 ·
111 1742 168 1803 boe
186 1742 249 1822 ipso
270 1747 417 1818 praetextu
431 1736 619 1819 Evangelium
636 1737 818 1817 respuebant,
842 1736 916 1817 qood
934 1740 1052 1800 tictitiae
1072 1738 1211 1801 Eceleeff

111 1842 256 1888 censensu
278 1822 437 1882 damonum
461 1823 553 1883 foret:
596 1842 633 1883 ue
657 1832 713 1881 tam
736 1820 854 1899 indigno
877 1823 951 1883 fastu
972 1821 1110 1884 obruatur
1127 1822 1208 1883 Esau·

110 1909 182 1989 petit
204 1906 357 1977 maiestas,
379 1906 504 1977 larvam,
526 1924 580 1985 qua
602 1926 635 1966 se
655 1903 855 1977 venditabant,
879 1906 985 1965 Paulus
1007 1908 1063 1967 illis
1086 1904 1210 1967 detrafflt¹

110 1990 186 2053 Erat
207 2007 277 2050 aare
297 1988 413 2049 arduum
436 1990 555 2050 infirmis
576 1990 771 2063 obstaculum,
793 2008 877 2068 quum
891 1988 1048 2049 doctrinam
1064 1986 1207 2051 cluunt

110 2078 149 2137 iis
169 2076 231 2137 iere
253 2072 384 2133 omuibus
406 2074 489 2133 reiiei
516 2072 667 2146 viderent,
697 2092 768 2152 quos
790 2071 871 2132 Deus
893 2074 1004 2133 aeterni
1034 2076 1079 2134 soi
1100 2070 1207 2135 ioelu'!

110 2155 253 2220 baeradas
280 2157 476 2216 constituerat.
520 2157 613 2217 lesum
634 2175 700 2217 esse
718 2156 777 2216 Dei
797 2156 935 2215 Messinm
956 2156 1089 2236 Apostoli
1112 2152 1207 2237 praelli-

110 2244 224 2303 cabuat.
268 2238 455 2300 Reclamabat
481 2250 541 2300 tota
570 2242 668 2313 natio,
698 2240 744 2299 cui
772 2241 931 2321 promissus
958 2241 1054 2301 iuerat
1081 2240 1203 2302 bruun

108 2324 151 2387 itt
170 2320 239 2405 quid
261 2322 386 2384 mirum‘l
414 2323 639 2404 quandoquidem
658 2323 744 2383 bodie
765 2343 847 2403 quana
870 2324 1004 2402 plurimos
1026 2324 1151 2385 videmus
1164 2320 1207 2381 ab·

109 2412 188 2471 iacto
208 2409 263 2468 boe
284 2404 406 2467 evanido
428 2409 493 2467 suco
511 2409 678 2480 labascere,
701 2406 765 2466 dum
782 2427 813 2465 se
829 2405 965 2487 Papistae
980 2407 1209 2469 Ecclesium

110 2496 228 2554 lactant.
286 2491 352 2551 lloc
383 2490 480 2570 itaque
513 2489 596 2550 modo
635 2512 697 2551 cum
731 2488 846 2549 ludaeis
883 2490 1070 2569 congreditur
1103 2488 1207 2561 Paulae,

111 2575 211 2659 (llum.
239 2582 278 2638 9:
308 2575 357 2651 8.)
390 2573 464 2654 quod
492 2574 633 2652 legitimos
666 2574 802 2633 Abrahae
829 2574 903 2633 filios
934 2594 1109 2655 nequaquam
1136 2573 1209 2633 iaciat

110 2659 226 2721 carnale
255 2677 366 2737 penus:
404 2657 455 2717 scd
485 2660 539 2717 soli
568 2660 617 2717 lilii
641 2659 836 2737 promissionis
858 2660 885 2717 in
908 2662 1016 2720 semine
1038 2668 1207 2720 censeantur.

109 2742 231 2804 Poterat
251 2754 344 2802 antem
366 2760 403 2801 ex
425 2741 480 2801 lide
504 2743 671 2801 aestimare:
695 2741 778 2821 idque
799 2753 1018 2802 consentaneum
1035 2753 1116 2815 erat,
1138 2758 1209 2822 quun

110 2828 139 2887 iu
162 2828 351 2907 promissione
373 2824 527 2885 discrimen
550 2827 625 2886 intcr
646 2827 785 2903 genuinos
807 2836 836 2883 et
857 2828 969 2905 spurios
991 2836 1147 2886 statuereta
1175 2822 1210 2883 ld·

110 2929 165 2991 que
186 2912 263 2993 prius
285 2910 414 2969 feceratc
438 2908 490 2969 sed
512 2930 586 2969 nunc
606 2910 690 2968 altius
712 2908 896 2969 conscendit:
921 2930 986 2969 esse
1008 2911 1080 2969 filins
1103 2908 1211 2988 promis·

110 2995 214 3067 aionis,
237 3013 307 3073 quos
329 2992 410 3052 Deus
432 3003 579 3071 uniloquam
597 3002 793 3063 nascerentur,
816 2994 914 3071 clegit.
943 2994 1020 3054 Citat
1034 2998 1110 3073 (cap.
1126 3004 1157 3066 2,
1171 2992 1211 3067 l.)

110 3079 186 3137 enim
214 3075 288 3155 qnod
312 3075 348 3134 ab
378 3076 491 3153 Angelo
520 3076 687 3154 promissum
715 3075 766 3132 fuit
793 3074 947 3136 Abrolraea
984 3076 1144 3138 Secundum
1164 3076 1212 3135 bue

110 3169 220 3237 tempus
242 3159 371 3228 veniam,
404 3168 434 3215 et
454 3159 510 3216 erit
531 3158 622 3216 Sarac
645 3159 735 3216 lilius:
773 3163 832 3218 acsi
855 3159 981 3219 diceret:
1014 3173 1161 3240 autequam
1184 3158 1209 3218 ia

109 3252 193 3303 utero
213 3251 367 3321 conceptus
390 3250 468 3299 essct
488 3241 580 3313 isaac,
604 3241 694 3300 fuisse
714 3240 809 3302 olleo
829 3254 998 3323 cooptatum.
1044 3244 1109 3304 Non
1131 3244 1209 3303 solun

110 3336 204 3385 antem
226 3325 298 3395 boc,
322 3325 427 3401 inquit:
448 3322 546 3404 (Rom.
569 3333 601 3387 9.
624 3344 703 3383 vers.
731 3330 797 3403 12.)
820 3326 869 3386 scd
893 3327 1003 3406 quando
1025 3347 1061 3387 ex
1083 3346 1210 3389 unocou·

109 3408 206 3469 cubitu
234 3408 324 3487 patris
351 3408 442 3466 nostri
467 3407 548 3467 Isaac
572 3407 690 3487 gravida
716 3421 780 3469 erat
805 3411 961 3482 Rebecca,
993 3432 1074 3491 qtrum
1098 3409 1209 3472 nondun

110 3492 169 3553 uati
195 3501 294 3551 essent
320 3491 420 3569 pueri,
455 3491 573 3550 necdum
595 3493 741 3571 quicquam
766 3494 831 3553 boni
853 3496 990 3554 fecissent
1010 3497 1055 3554 vol
1074 3498 1161 3567 mali,
1183 3502 1210 3551 ut

109 3573 263 3636 mundum
286 3574 451 3633 electionem
477 3576 646 3655 propositum
667 3575 724 3635 llei
746 3589 888 3648 maneret,
923 3599 979 3638 noo
1008 3598 1046 3638 cx
1072 3579 1210 3661 operibus,

109 3656 163 3719 set
184 3678 221 3717 ex
241 3666 362 3718 vocante
383 3657 488 3717 dictum
509 3671 569 3718 est:
594 3658 692 3718 Maior
712 3664 820 3720 serviet
841 3663 962 3734 minori,
987 3663 1061 3722 sicut
1083 3666 1211 3745 scriptun

109 3753 170 3814 eat,
190 3740 277 3800 lucob
299 3740 404 3814 dilexi,
427 3742 504 3802 Esau
525 3753 617 3802 auteur
641 3743 704 3801 odio
728 3745 822 3805 habui.

191 3824 285 3884 Unum
314 3823 389 3884 bunc
419 3845 485 3885 esse
518 3845 555 3886 ex
589 3826 758 3887 difficillimis
794 3828 959 3907 Scripturas
991 3829 1063 3889 locis
1098 3828 1214 3909 Pighius

111 3907 192 3991 (Lib.
216 3915 248 3970 9.
273 3927 301 3966 c.
324 3912 373 3984 2.)
394 3920 537 3969 causatur.
583 3911 666 3985 Quod
689 3922 718 3969 ut
739 3912 913 3984 concedam,
944 3913 984 3970 ita
1011 3914 1138 3992 impium'
1156 3913 1214 3973 eius

109 3993 237 4052 latratum
266 3992 380 4051 minime
408 3992 554 4053 ferendum
582 4014 648 4052 esse
677 3993 759 4067 dico,
793 4017 875 4074 quum
893 3997 1121 4056 inextricabilem
1142 3995 1215 4077 labp·

108 4075 317 4137 riutbutnesse
338 4077 434 4138 iactat.
479 4074 555 4149 Quid
577 4078 675 4136 enim'l
716 4078 762 4137 Αιι
786 4081 921 4159 Spiritum
950 4099 1001 4159 per
1020 4100 1054 4137 os
1074 4080 1158 4141 Pauli
1180 4080 1216 4140 lt·

110 4169 242 4239 quentem
263 4159 318 4217 sibi
340 4158 466 4219 dicemus
487 4159 649 4231 excidisse,
680 4172 710 4220 ut
730 4163 823 4235 ultra,
855 4184 937 4242 quam
961 4165 1030 4222 utile
1053 4177 1138 4237 erut,
1167 4182 1216 4225 uos

109 4240 284 4303 abduceret?
332 4242 495 4322 Promptum
524 4244 563 4302 illi
596 4255 678 4317 erat,
710 4257 741 4305 ut
769 4248 825 4306 inm
854 4246 930 4317 dixi,
968 4267 1053 4307 veros
1084 4248 1219 4309 Abrabae

108 4324 182 4387 lllioa
216 4325 252 4388 ab
282 4323 448 4389 adulterinis
485 4324 545 4388 sola
578 4324 644 4388 tidci
678 4339 744 4390 nota
779 4329 967 4409 distinguere.
1013 4332 1220 4406 Quaestionem
