2648 4928
129 286 210 369 240
241 310 244 319 ·
462 287 657 365 Consensns
688 291 914 366 Genereusis.

130 476 321 550 constituunt,
354 473 428 536 bane
455 474 545 555 ipsam
571 473 782 553 quaestionem,
811 491 894 555 qnam
922 472 978 535 sibi
998 472 1106 535 Paulos
1131 472 1212 535 obiici

129 560 258 639 ed'ngere
278 570 309 620 et
327 560 439 620 solvere
454 558 509 618 sibi
526 555 668 617 uidentur.
703 555 788 617 Unde
809 558 990 637 perspicuum
1009 568 1074 630 est,
1096 558 1212 618 noraia

128 644 268 723 sapientia
290 662 348 705 non
368 643 458 721 fuisse
477 642 655 701 instructum.
698 638 791 711 Esto,
813 638 994 702 aduersarios
1016 640 1123 701 Pnnlns
1141 642 1212 721 impe

127 738 196 789 tnne
216 736 246 787 et
264 727 340 786 nullo
360 726 458 787 colore
484 722 598 785 inducat
623 723 661 783 de
681 723 791 783 iustitia
815 723 872 784 Dei
892 726 1049 804 litigantes.
1093 724 1212 785 outecu

127 830 192 873 nem
213 810 352 889 quomodo
374 808 515 889 repellat,
536 806 698 867 uidendum.
727 805 926 879 verbosum,
949 808 1044 868 Absit.
1077 807 1154 868 Nam
1164 807 1212 868 tle

127 894 213 955 dicit:
248 893 414 954 Miserebor
442 893 522 951 cuius
550 890 723 951 miserebor:
757 901 787 950 et
807 890 968 951 miserebor
993 911 1076 972 quem
1107 892 1212 952 misero.

125 976 207 1039 utilit
229 977 292 1038 lore
312 977 405 1058 aptius
427 973 528 1047 video,
549 994 632 1055 qnam
655 985 685 1034 nt
705 973 862 1052 Augustini
881 975 978 1036 verbis
997 974 1106 1057 (Epist
1118 980 1212 1039 1⁰5.t

127 1062 264 1139 Sintnm.)
285 1059 321 1120 ad
344 1060 417 1119 bunc
432 1059 522 1119 locum
539 1056 736 1137 explicandum
758 1068 831 1117 utar.
873 1057 1000 1131 Mirum,
1024 1060 1135 1139 inquit,
1156 1078 1212 1140 qun

126 1145 173 1207 bis
193 1153 375 1205 coarctantur
394 1144 552 1221 angustiis,
575 1143 605 1200 in
625 1151 728 1222 quanto
750 1160 783 1201 se
805 1141 925 1221 abrupta
938 1143 1156 1222 praecipitent,
1180 1162 1212 1205 ιι

125 1238 240 1289 tuentes
267 1229 339 1288 retia
365 1226 508 1286 veritatis.
557 1224 644 1297 Ideo,
673 1225 820 1304 inquiunt,
850 1224 974 1285 nondum
997 1236 1127 1287 natorum
1155 1226 1212 1287 sln

125 1311 244 1386 oderat,
268 1311 352 1375 alium
366 1308 518 1388 diligebat,
542 1310 607 1388 quia
622 1327 720 1367 eorum
735 1310 827 1368 lutura
841 1328 929 1389 opera
943 1308 1140 1388 praevidebat.
1165 1308 1212 1383 in

124 1398 211 1456 istum
230 1396 423 1454 acutissimum
451 1411 567 1453 sensnm
594 1390 720 1451 doluisse
741 1391 879 1470 Apostolo
908 1412 964 1452 non
991 1392 1133 1454 miraturi
1171 1392 1212 1453 lla

124 1481 227 1561 qnippe
247 1478 296 1538 ille
316 1498 372 1538 non
394 1475 483 1548 vidit,
514 1486 617 1556 quanto
639 1476 693 1535 sibi
719 1477 787 1535 velit
811 1473 990 1536 adversantis
1018 1476 1132 1537 obiecta
1152 1494 1212 1559 quat

124 1565 238 1634 stione,
259 1582 314 1621 non
336 1560 366 1621 id
387 1561 480 1641 potius
500 1570 555 1619 tam
578 1560 684 1631 breue,
708 1569 762 1618 tam
785 1570 931 1638 apertum,
954 1570 1010 1618 tam
1031 1579 1143 1634 verum,
1165 1562 1212 1621 niet

19 1670 25 1679 ·
123 1647 172 1706 isti
194 1656 308 1726 putant,
334 1644 548 1724 absolutumque
571 1641 727 1722 respondit.
772 1642 866 1717 Quum
889 1644 963 1703 euim
989 1662 1049 1704 rem
1072 1642 1212 1725 stupendas

123 1730 339 1810 proposuisset,
368 1726 506 1808 quomodo
535 1725 570 1786 dc
594 1724 715 1785 nondum
743 1727 836 1797 netis,
868 1728 915 1805 qui
937 1726 1073 1786 nihildum
1100 1728 1168 1788 boni
1185 1746 1212 1789 at

123 1814 189 1873 mali
205 1822 344 1892 egerant,
366 1823 446 1872 recte
459 1810 516 1869 dici
531 1810 674 1891 potuerit,
696 1808 771 1888 quod
786 1829 869 1868 unum
892 1809 1025 1870 dilexerit
1035 1810 1132 1884 Deus,
1152 1812 1212 1873 attn

123 1895 188 1956 odio
209 1895 358 1957 babueritr
388 1893 465 1970 Quid
485 1913 556 1973 ergo
581 1892 728 1953 dicemus?
752 1893 824 1951 nita·
839 1892 973 1973 Nunqnid
1001 1895 1138 1974 iniquitas
1163 1914 1212 1976 apa

121 1979 242 2042 Deum?
263 1980 320 2039 llic
342 1998 412 2058 ergo
428 1987 491 2038 erat
512 1978 603 2049 locus,
624 1988 656 2036 ut
675 1975 784 2036 diceret
797 1974 871 2056 quod
893 1978 942 2036 isti
962 1979 1106 2051 sentiunt,
1129 1977 1212 2039 rnen

122 2065 200 2127 enirn
222 2063 302 2124 Deus
323 2081 412 2143 opera
440 2059 634 2141 praevidebat.
678 2059 745 2119 Non
772 2071 865 2120 nutem
887 2060 1041 2140 Apostolus
1071 2061 1126 2124 boe
1154 2060 1212 2124 tiit

123 2146 174 2207 sed
193 2151 305 2227 potius,
334 2164 370 2205 ne
395 2146 541 2224 quisquam
566 2143 602 2205 de
624 2164 738 2205 snorum
766 2163 884 2223 opernm
913 2143 1017 2203 audeat
1039 2144 1212 2227 meritisglt

121 2231 210 2302 riari,
239 2228 276 2290 ad
294 2228 353 2291 Dei
374 2230 495 2307 gratiam
515 2226 763 2287 commendandam
791 2228 878 2286 uoluit
897 2229 994 2288 valere
1017 2227 1093 2307 quod
1114 2228 1212 2291 diram

120 2308 221 2374 Moses
239 2315 314 2373 enim
336 2310 425 2375 dicits
445 2311 611 2372 Miserebor
629 2313 708 2372 cuius
731 2312 864 2370 misertus
888 2312 980 2374 lucro.
1015 2311 1072 2371 libi
1088 2328 1212 2373 nunant

120 2396 197 2458 rita‘i
218 2397 276 2459 Ubi
298 2415 386 2476 opera
405 2396 449 2456 uel
470 2398 645 2476 praeterita,
666 2394 713 2454 uel
735 2397 845 2466 lutura,
869 2404 999 2475 tanquam
1021 2396 1105 2456 liberi
1125 2395 1212 2457 arbitri

119 2480 229 2541 uiribus
251 2479 422 2558 adimpleta,
447 2479 494 2539 vel
516 2477 715 2558 adimplenda?
745 2478 850 2538 Nonne
872 2490 998 2557 apertam
1023 2480 1142 2557 protulit
1156 2479 1212 2559 Apa

120 2566 209 2623 stolus
232 2563 268 2624 de
290 2566 432 2642 gratuitae
457 2564 568 2642 gratiae
599 2561 841 2621 commendatione
870 2562 1059 2621 seutentiam?
1086 2563 1212 2623 llaetena

118 2648 387 2727 Augustiniverba
413 2648 558 2707 recensui.
602 2646 758 2723 Fingamus
788 2646 855 2704 nihil
883 2646 938 2706 tale
961 2656 1081 2725 unquam
1104 2644 1212 2706 cnmdi

118 2732 207 2792 uisse.
250 2729 345 2804 Quum
372 2729 504 2808 expedita
531 2741 609 2790 esset
631 2732 750 2801 solutio,
777 2728 871 2789 Deum
901 2750 939 2789 ex
967 2731 1069 2789 suturis
1099 2730 1212 2810 operiba

117 2813 284 2875 discernere
305 2817 381 2875 inter
401 2814 546 2874 hominess
576 2834 628 2874 cur
649 2814 754 2873 Paulus
777 2834 808 2873 se
830 2815 919 2889 magis
940 2814 1071 2886 intricat}
1093 2825 1125 2874 et
1146 2824 1212 2873 totas

117 2899 147 2957 in
167 2897 225 2960 Dei
245 2899 363 2960 arbitrio
385 2917 499 2958 causam
525 2916 591 2958 esse
613 2900 693 2957 sitam
715 2896 840 2957 asserit?
873 2897 971 2956 Primo
994 2899 1068 2956 cnim
1091 2897 1212 2958 Domisu

117 2980 192 3061 apud
213 2981 347 3053 diesem,
371 2982 490 3041 liberum
513 2981 568 3039 sibi
591 2983 652 3051 ius,
678 2982 724 3039 ubi
749 2982 903 3060 placuerit,
934 2980 1096 3041 exerendae
1120 2981 1212 3041 niseni

118 3066 235 3125 cordiae
256 3065 404 3124 vendicat:
438 3084 474 3123 ne
500 3065 563 3143 quis
592 3064 684 3141 legem
710 3066 749 3123 illi
779 3065 978 3144 praescribere
995 3068 1092 3124 ausit:
1126 3064 1212 3126 deind«

117 3165 155 3207 ex
175 3158 233 3206 tota
256 3148 349 3226 populi
372 3145 547 3205 multitudine
558 3158 731 3225 sumpturum
753 3168 804 3219 se,
827 3166 898 3227 quos
919 3149 1212 3209 uolucritliberandos

115 3233 293 3309 pronunciat.
326 3229 494 3308 Focdilrngi
510 3232 619 3308 pariter
638 3251 737 3290 omnes
757 3244 849 3290 erant.
888 3230 952 3290 Non
974 3231 1060 3303 dicit,
1083 3232 1160 3294 bunc
1173 3234 1212 3293 sib

115 3316 179 3374 lore
201 3313 360 3374 delectum:
390 3324 440 3385 ut,
464 3315 489 3372 si
512 3333 583 3392 quos
605 3316 730 3392 reperiat
750 3317 834 3376 venia
857 3314 975 3393 dignos,
997 3317 1051 3375 illis
1074 3317 1113 3376 sit
1135 3316 1212 3397 propi

115 3398 190 3456 tiuss
223 3395 273 3457 sed
299 3398 430 3475 praecise
457 3396 671 3457 misericordiae
699 3418 732 3458 sa
760 3400 896 3458 arbitrum
923 3401 986 3459 sore
1014 3409 1152 3472 testatur,
1183 3410 1212 3459 ut

114 3479 217 3560 quibus
236 3481 374 3553 voluerit,
398 3492 514 3561 parcat:
539 3481 604 3560 quia
624 3482 699 3541 nulla
720 3484 801 3542 unius
825 3484 915 3562 magis
935 3502 1017 3563 quam
1037 3483 1158 3545 alterius
1174 3485 1212 3544 eli

113 3562 200 3643 gendi
222 3566 395 3625 necessitate
417 3563 640 3626 sit‘ndstrictus.

195 3646 322 3707 Tandem
343 3647 417 3728 quod
447 3649 620 3708 necessario·
638 3668 674 3707 ex
695 3651 836 3709 sententia
863 3650 910 3709 illa
940 3651 1088 3731 sequitur,
1121 3648 1212 3711 Paula

112 3729 219 3809 infert-s
243 3730 308 3791 Non
321 3751 387 3792 esse
409 3732 528 3792 uolentis
542 3752 594 3792 nec
614 3734 772 3804 currentis,
794 3732 847 3793 sed
867 3737 1027 3794 miserentis
1048 3735 1117 3796 llci.
1150 3734 1212 3796 Nar

112 3815 138 3874 si
159 3812 220 3875 sola
238 3813 297 3876 Dei
320 3815 515 3876 misericordis
537 3817 697 3876 continetur
722 3819 798 3877 salus
829 3817 991 3889 bominum,
1019 3817 1102 3879 Dens
1131 3830 1212 3879 auten

110 3899 245 3958 nonnisi
265 3919 335 3979 quos
356 3919 461 3961 arcano
477 3920 528 3960 suo
550 3899 728 3980 beneplacito
750 3900 856 3980 dclcgit
877 3912 992 3974 serunt,
1016 3903 1085 3961 nibil
1108 3922 1212 3983 prorsu

110 3982 143 4041 lit
161 3981 320 4043 bominibus
339 3981 494 4045 residuum.
538 3983 663 4064 Exponit
683 3984 822 4062 Pighius,
846 4006 901 4044 non
914 3984 1013 4045 deberi
1034 3987 1156 4047 salutem
1177 4006 1212 4047 co

108 4067 188 4126 nutui
210 4077 330 4140 nostro,
359 4068 405 4129 uel
428 4069 483 4129 illis
503 4070 656 4147 operibus,
685 4070 750 4148 quia
771 4071 895 4147 gratuito
918 4068 952 4129 ed
975 4089 1037 4130 enm
1068 4090 1122 4130 nos
1144 4069 1212 4130 Deru

109 4159 206 4210 uocet.
249 4151 386 4224 Scilicet,
415 4153 455 4211 ita
480 4171 582 4212 secure
602 4151 692 4223 ludit,
721 4154 781 4212 acsi
803 4153 919 4213 verbulo
946 4174 1003 4213 uno
1029 4164 1118 4214 totam
1141 4154 1212 4215 Paul

109 4227 266 4294 doctrinam
295 4234 411 4296 abolere
438 4237 467 4295 in
490 4249 617 4316 promptu
643 4245 731 4295 essct.
775 4235 851 4308 Quia
871 4237 1012 4297 Dominus
1041 4237 1212 4319 beneplaciti

109 4334 177 4390 sun,
200 4337 257 4379 non
272 4338 389 4405 operum
403 4318 575 4383 discretione
586 4320 748 4401 eligitquos
762 4331 874 4383 servet:
897 4320 963 4386 indo
980 4320 1090 4402 colligit
1101 4320 1212 4397 Paulas¹
