2648 4928
287 286 338 367 ⁶.
390 303 583 375 uenisse
840 268 842 273 Ι
921 300 996 383 761

95 499 146 539 rum
167 480 197 540 in
219 480 325 542 nostris
343 484 444 543 coenis
457 482 661 558 administrari,
683 484 827 567 ipsumque
847 484 921 547 udco
935 486 999 550 De-

95 582 187 623 renam
223 563 297 643 apud
325 584 377 625 uua
404 578 592 649 contemptam
631 586 699 628 esse
730 579 816 648 atque
840 571 995 643 reiectam.

95 666 181 706 ummo
208 650 300 707 nostri
329 648 423 710 studio
450 671 564 732 semper
587 649 691 712 docent
718 662 749 712 et
778 651 946 728 hortantur,
961 651 999 715 'ut

116 732 236 810 quisque
256 730 332 804 lide,
362 733 435 795 haec
454 733 572 795 Domini
590 733 697 805 verhu,
719 736 834 796 reiectis
855 738 998 817 nniveraie

95 834 115 872 n
137 817 302 875 commentis
322 816 456 899 falsisque
478 819 603 897 glossis,
624 819 820 898 amplectatur,
844 838 998 900 eurumque

95 915 147 968 ae,
171 899 247 957 omni
268 895 395 961 submota
418 903 611 974 vacillatione,
634 902 756 963 animun
777 902 911 975 addicat,
935 905 999 985 ipsa

114 992 304 1054 sacramenta,
327 984 358 1043 in
373 984 514 1047 vivificam
525 987 680 1046 animarum
696 1005 808 1045 suarum
821 985 996 1060 alimoniam,

95 1083 130 1124 rm
148 1067 218 1125 tanti
231 1065 362 1146 heneficij
374 1070 682 1141 commemorationem,
704 1066 872 1142 identidem,
894 1080 998 1149 quanta

96 1148 221 1226 eligione
247 1160 353 1211 sumat.
391 1150 424 1213 Id
453 1152 528 1233 quud
555 1153 644 1212 multo
667 1170 779 1233 qnoque
805 1153 860 1212 iam
882 1162 913 1215 et
933 1173 998 1214 sue-

113 1232 275 1310 rcligiosius
295 1231 370 1314 apud
384 1256 450 1309 nos,
473 1254 556 1317 qnam
575 1245 672 1307 antea,
693 1235 756 1296 fieri
776 1234 861 1317 solet.
905 1235 998 1298 Simul

95 1313 246 1376 detulerunt
271 1336 304 1376 se
332 1319 424 1379 nostri
450 1321 637 1383 ecclesiastae
660 1317 798 1380 hactenus
820 1337 946 1399 semper,
968 1330 999 1382 ot

95 1415 109 1458 e
130 1399 254 1460 uliernnt
275 1398 312 1460 ad
333 1400 519 1475 reddendam,
542 1405 702 1464 amnicum
724 1399 874 1474 modoetia,
896 1413 927 1463 ct
946 1422 998 1464 ve·

100 1483 237 1543 rationem
260 1482 327 1544 lidei
354 1495 384 1546 et
408 1484 557 1549 doctrinae
583 1504 673 1559 suae,
703 1483 740 1545 de
766 1485 897 1545 omnibns
924 1505 998 1565 qnae

95 1583 127 1625 cu
145 1565 201 1626 lruc
222 1580 452 1642 sacramentum,
482 1590 565 1651 qnam
593 1571 649 1630 alia
676 1565 799 1629 credunt
821 1568 856 1630 a'c
879 1566 994 1632 docent.
1029 1630 1038 1649 ‚

95 1667 135 1710 nn
154 1649 246 1711 solnm
266 1652 299 1714 S.
321 1651 360 1713 Τ.
381 1652 428 1717 Μ.
452 1653 505 1715 aed
525 1655 618 1717 cuivis
640 1651 726 1715 etiam
747 1652 889 1732 poscenti.

253 1847 310 1911 nn
326 1838 466 1943 nesse.
511 1850 604 1915 cnr.
626 1850 712 1914 xix.

94 2000 143 2041 rro
177 1998 241 2043 cum
274 1982 349 2044 lruuc
381 1985 413 2047 in
440 1985 552 2049 mudum
568 1985 715 2048 'Christus
745 2002 826 2047 enam
862 2000 994 2061 menam,

95 2075 160 2124 ntea
179 2064 274 2125 Missa
295 2068 393 2127 vocari
412 2071 520 2149 coepit,
541 2070 711 2142 instituerit,
735 2086 839 2149 nempe
857 2075 890 2125 nt
908 2068 939 2127 in
960 2086 996 2151 οι

95 2166 206 2228 crpore
227 2158 256 2208 et
271 2149 412 2228 unguine
432 2152 496 2212 eina
516 2154 548 2214 in
569 2154 656 2213 vitam
674 2160 820 2213 aeternam
836 2150 909 2229 pesti
921 2168 997 2211 nur-

96 2249 112 2291 e
139 2250 195 2311 que
214 2230 353 2313 redempti
382 2245 467 2307 aunt,
496 2233 719 2316 depraedicent,
747 2234 805 2314 ipsi
831 2230 888 2293 huc
913 2238 996 2311 μιιο·
1023 2248 1026 2254 ’

95 2325 227 2394 agentes,
250 2326 281 2377 et
301 2317 374 2377 hanc
394 2316 514 2380 salntem
535 2319 601 2399 alijs
622 2336 733 2398 qnoque
752 2310 994 2391 commendantes,

95 2409 208 2459 tnerunt
232 2403 321 2461 nostri
349 2400 537 2464 ecclesiastae
563 2421 621 2461 non
650 2398 802 2473 damnum,
826 2394 902 2480 qnod
921 2396 995 2459 hacc

95 2483 297 2561 negliguntur,
324 2494 355 2545 et
374 2495 474 2547 contra
493 2485 541 2567 qni
561 2483 669 2547 dlissaa
689 2482 854 2554 eelebrent,
876 2498 994 2559 praesn-

95 2565 214 2626 hristum
235 2565 316 2629 Patri
337 2568 442 2628 ulierre
464 2590 516 2648 pro
535 2569 607 2628 vivis
627 2576 658 2628 et
678 2565 838 2639 deiunctis,
858 2561 995 2625 Missam·

95 2671 100 2708 ι
125 2668 197 2728 opus
219 2650 339 2723 iaciunt,
362 2671 419 2732 qun
439 2653 501 2712 solo
523 2652 586 2712 iere
607 2648 757 2712 lavurllei
777 2646 1012 2741 maalmeon-1

95 2775 100 2800 ‚
134 2732 267 2813 quicquid
294 2735 340 2796 vel
367 2733 486 2796 credant
506 2736 657 2808 homines,
686 2732 732 2795 vel
758 2733 866 2808 vivant.
909 2726 994 2791 Unde

95 2813 146 2877 uda
173 2816 221 2877 illa
240 2837 275 2877 ac
295 2817 340 2880 hie
367 2828 474 2899 terque.
500 2820 585 2900 impie
608 2818 684 2880 sacri
717 2815 799 2878 huius
830 2813 995 2877 nundinatio

118 2901 279 2979 factumque
299 2912 356 2975 est,
375 2912 408 2963 nt
428 2903 498 2964 nihil
520 2905 560 2963 sit
579 2901 664 2964 hodie
688 2899 788 2963 uttsn·
810 2897 992 2978 queatiuaine.

95 2984 215 3063 ·itaqun
235 2983 343 3045 Missas
363 2987 544 3057 reiecerunt,
574 2994 725 3066 propterea
749 2982 825 3064 quod
854 2978 994 3042 Dominus

95 3086 179 3140 nune,
201 3065 346 3148 discipulis
359 3070 413 3130 huc
429 3080 635 3131 sacramentum
649 3064 866 3129 commendavit.
909 3060 994 3125 Unde

95 3170 123 3210 aa
140 3148 307 3211 Corinthios
335 3153 414 3214 iubet
438 3173 472 3214 se
495 3154 616 3213 invicem
638 3149 675 3212 ad
694 3151 727 3213 S.
750 3147 878 3210 Coenam
907 3163 994 3226 expc-
1014 3161 1099 3211 ncor.
1115 3166 1152 3213 rt.
1247 3182 1250 3189 ·

95 3234 226 3315 regatque
237 3254 288 3296 eos
308 3238 420 3315 agitare
433 3255 552 3298 coenam
566 3235 747 3308 dominicam,
764 3252 830 3293 cum
850 3231 993 3312 propriam

95 3337 158 3396 tque
186 3338 305 3379 coenum
342 3321 418 3381 inter
443 3318 584 3382 edendum
612 3328 743 3399 occupat.
795 3314 891 3378 Porro
920 3310 996 3412 quod

95 3401 240 3463 Christum
274 3402 379 3464 offerre
413 3405 476 3466 rice
507 3404 619 3465 hestiae
642 3405 768 3481 iactant,
802 3398 870 3459 hinc
903 3404 995 3458 nostru

95 3497 147 3559 rnt,
170 3485 245 3566 quud
266 3484 396 3567 Epistola
417 3486 454 3548 ad
473 3487 550 3548 Heh.
572 3497 670 3568 aperte
690 3492 823 3556 testatur,
844 3481 921 3544 sicut
942 3478 993 3540 hu·
1015 3501 1111 3550 naen,

96 3569 170 3630 cmel
204 3571 381 3643 moriuntur,
410 3573 452 3635 ita
470 3571 616 3634 Christum
645 3569 735 3632 semel
763 3566 885 3628 chletum
912 3580 992 3636 esee,

95 3673 166 3714 rrum
193 3666 310 3733 peccata
335 3655 465 3728 tolleret,
494 3666 607 3734 tumque
634 3674 689 3715 uon
716 3669 802 3733 puase
821 3650 924 3711 iterum
948 3646 995 3743 ul·

95 3757 155 3796 nam
178 3758 235 3797 non
256 3740 328 3800 muri
355 3740 484 3822 amplius.
527 3736 629 3817 quue
651 3757 708 3798 una
727 3755 779 3816 pro
804 3732 930 3814 peccatis
951 3750 995 3828 vp-

95 3823 231 3894 rericotu,
261 3833 398 3902 perpetuo
424 3821 526 3884 sedere
553 3840 617 3881 eum
645 3819 682 3880 ad
707 3817 836 3880 dextram
858 3814 936 3886 Dei,
964 3808 995 3871 nd

95 3916 191 3984 penest
209 3917 416 3984 expectantem,
441 3904 532 3965 donec
553 3904 660 3965 inimici
682 3905 745 3964 eius
764 3918 817 3961 ceu
838 3896 995 3959 scabellum

95 4000 158 4048 ntur
184 3988 305 4069 pedibus
333 3991 405 4052 eius.
458 3988 552 4049 Unica
576 3991 651 4049 enim
682 3986 824 4047 uhlatione
848 3980 1024 4064 perfectos·

95 4073 123 4131 in
151 4084 315 4153 perpetuum
344 4094 394 4133 eos
424 4074 471 4153 qui
497 4073 717 4133 sanctificentur.
763 4065 797 4127 ld
827 4084 896 4125 vero
916 4057 992 4141 quod
1015 4072 1076 4120 fleo.
1091 4074 1129 4122 1⁰.

112 4155 214 4216 honum
236 4177 306 4237 opus
329 4158 470 4230 iecerunt,
494 4176 549 4237 quo
569 4152 789 4235 alleuquidvis
813 4151 992 4227 impetretur,

113 4259 240 4319 pugnare
262 4243 353 4301 nostri
373 4240 541 4313 docuerunt,
564 4238 639 4323 quud
652 4238 794 4319 scriptura
812 4230 914 4309 uttam
926 4245 995 4325 pn:

95 4343 118 4383 ra
140 4324 243 4406 spiritu
264 4323 372 4387 Christi
387 4334 418 4386 et
439 4343 491 4405 por
510 4324 595 4390 tidem
612 4322 773 4394 iustificari,
796 4316 924 4379 launum
936 4308 997 4372 ller
