2648 4928
384 294 475 363 Actu
499 292 633 383 synodi
651 244 881 371 romam
1119 292 1197 375 585

81 476 106 533 t
125 473 272 539 libertatis
292 492 311 535 r
331 473 456 554 proprijs
476 474 614 535 ministris
638 475 829 539 testimoninm
850 486 881 538 et
898 474 998 539 literas
1016 473 1075 541 bde
1094 474 1123 539 di
1198 538 1201 543 .

81 556 437 633 marcescentem.
481 556 539 632 Qui
561 575 645 619 meus
666 559 748 632 ierit,
774 560 837 641 ipso
856 560 934 622 fecto
955 579 1050 642 poena
1067 560 1098 621 in
1120 498 1197 625 gi:

81 642 208 713 nisum
230 639 349 723 synodo
372 659 509 721 expressa
532 641 698 701 tenebiturr
727 640 778 703 tuli
809 644 886 704 enim
916 644 1125 724 mansingarum
1147 648 1227 709 ru-'

81 726 234 811 ntiae,
255 735 436 787 everteretur
456 722 606 804 disciplina
627 735 658 785 et
677 723 752 786 bona
773 724 923 800 educatio,
947 745 982 788 ae
1002 727 1131 808 prabatio
1151 730 1198 791 iu-

81 810 220 881 uibus,
241 818 272 869 et
292 808 477 890 inexploratis
495 807 655 867 bominibus
676 806 824 870 admodum
846 810 1012 871 necessaria
1031 828 1113 891 quam
1135 812 1199 893 ple·

81 910 190 977 uque
211 890 345 973 inprobi,
367 903 398 953 et
423 891 502 973 impij
528 890 634 951 alumni
665 889 827 967 declinere,
857 903 888 954 et
914 911 1011 955 eorum
1037 911 1074 955 ee
1094 894 1198 977 iugero

154 1072 204 1137 X.
239 1074 274 1136 ln
298 1072 456 1147 indictione
483 1072 668 1136 Generalium
689 1071 891 1157 synodorum,
924 1093 982 1136 non
1008 1070 1122 1137 videtur
1145 1082 1199 1139 ια’-

81 1178 183 1233 m,
207 1168 242 1221 nt
261 1176 377 1238 semper
396 1158 519 1219 omnium
542 1156 840 1237 superattendnntinm
860 1158 1084 1238 subscriptiones
1095 1161 1208 1241 'repni-.

81 1254 201 1317 ntur,
237 1241 406 1323 praesertim
434 1241 460 1300 si
489 1241 537 1320 qui
566 1242 747 1322 negligentes
772 1240 894 1304 officium
915 1260 1014 1315 snum,
1048 1241 1199 1309 nobiscnm

81 1323 270 1393 uentibus
291 1325 373 1405 regni
394 1323 516 1405 publicis
537 1344 594 1385 non
615 1326 768 1398 intersint,
800 1345 854 1387 nec
875 1343 1034 1407 quenquam
1055 1326 1200 1389 inlocum

81 1430 155 1475 nn
183 1410 318 1480 mittant,
351 1419 400 1469 aut
420 1406 457 1469 ad
481 1419 639 1486 extremum
658 1409 712 1468 lnae
736 1405 773 1468 de
794 1426 830 1469 re
849 1409 991 1470 certiores
1010 1408 1101 1484 buti,
1133 1428 1199 1473 rem
1295 1464 1301 1471 .

81 1493 194 1561 lentio
224 1491 381 1552 involvant:
415 1492 487 1552 tales
508 1493 583 1551 eninr
605 1493 635 1552 in
657 1510 693 1552 eo
715 1510 801 1591 passu
821 1493 986 1572 suffragium
1008 1511 1090 1554 sunm
1111 1494 1199 1554 amit-

81 1590 144 1643 ιι.
194 1575 271 1655 item
297 1573 501 1647 indicandum,
529 1575 553 1634 si
580 1576 642 1656 quis
664 1574 951 1654 superattendentum
978 1575 1072 1655 aliqua
1099 1574 1131 1636 iu
1162 1594 1204 1639 re-

81 1660 216 1727 meius
241 1657 297 1719 sibi
334 1660 373 1718 sit
397 1659 549 1731 criminis,
583 1669 614 1718 et
641 1659 832 1737 cognitionem
861 1656 972 1741 Synodi
1005 1668 1127 1721 mematr
1170 1661 1198 1721 is

81 1742 150 1809 'uin
183 1739 371 1825 proculdubio
402 1760 542 1822 nunqnam
571 1741 600 1801 in
630 1741 802 1803 Generrlem
832 1746 980 1824 Spanum
1007 1742 1197 1817 consentiret,

81 1830 210 1911 leoque
236 1844 272 1887 eu
300 1844 439 1905 nunqnam
463 1846 480 1884 n
508 1824 591 1884 nobis
612 1824 754 1886 celebrari
783 1837 893 1906 posset.
935 1824 1032 1908 amne
1054 1824 1126 1888 bueo
1150 1834 1215 1889 est·

81 1910 241 1980 selentia
261 1909 373 1970 articuli
395 1907 506 1992 synodi
528 1907 779 1972 wladislaviensis
800 1911 906 1975 uutuvi.

501 2116 564 2192 De
603 2118 792 2194 Scholia.

155 2278 223 2347 XI.
250 2278 315 2345 Una
331 2280 429 2345 ecbola
449 2282 601 2346 Generalis
621 2282 708 2347 debet
724 2281 860 2345 cunstitui
879 2281 910 2343 in
924 2276 1079 2343 meditullio
1099 2279 1197 2362 regni,

81 2390 90 2431 ι
111 2364 299 2451 „toro-spo.
342 2367 376 2427 ln
397 2366 571 2429 districtibus
585 2364 708 2450 quoqne,
730 2375 814 2448 prout
830 2366 998 2451 primariae,
1020 2365 1060 2426 to
1080 2375 1110 2426 et
1129 2384 1199 2447 pur·

81 2446 252 2533 duum
273 2450 399 2524 Scholia,
422 2472 439 2512 a
461 2452 591 2512 coetibus
612 2451 766 2532 diligenter
785 2446 931 2531 provideri
949 2447 1047 2511 debet.

159 2546 237 2613 xil.
274 2550 399 2611 Colleeta
427 2550 463 2612 ud
492 2551 626 2613 fovendas
654 2551 775 2613 soboles
797 2545 949 2630 secundum
971 2547 1199 2610 Petricovieaais

81 2630 192 2721 pedi
216 2630 360 2694 Cononem
382 2634 465 2696 Vlll.
489 2638 558 2695 item
581 2634 833 2696 wladislaviensis
854 2630 965 2712 synodi
984 2631 1133 2693 Canonem
1152 2630 1196 2692 Χ.

81 2722 99 2783 b
126 2716 271 2781 oucibus
286 2717 419 2777 Patronis
440 2739 476 2779 ex
498 2722 612 2799 propria
633 2721 756 2799 ipsorum
771 2735 859 2789 area,
877 2735 930 2795 pro
950 2716 1127 2776 conscientia
1147 2734 1200 2775 eu·

81 2821 181 2885 nsque
203 2801 389 2863 conferatur:
415 2812 446 2863 ut
470 2802 538 2863 dent
559 2823 577 2862 a
595 2804 714 2882 singulis
731 2802 845 2863 rusticis
866 2818 966 2878 ugrum
987 2796 1198 2871 excolentibus,

81 2885 211 2968 iugulos
239 2885 380 2958 llurcnos,
410 2887 619 2966 qualescunque
641 2883 744 2946 londos
771 2894 800 2945 et
830 2893 942 2944 tenutns
964 2882 1132 2944 habuerint:
1161 2880 1199 2941 ab

81 2970 182 3035 ulicis
213 2979 307 3027 autern
334 2980 364 3028 et
391 2970 593 3030 conductorum
616 2970 804 3049 agricolarum
824 2968 928 3027 aratris
949 2968 978 3027 in
1000 2964 1085 3047 duplo
1118 2961 1201 3025 vide'·

81 3064 147 3117 cet
174 3052 303 3113 nonnos
330 3052 428 3112 binos:
462 3074 580 3133 eamque
617 3054 765 3132 pecuniam
799 3054 873 3111 intra
903 3060 1014 3131 tempus
1053 3046 1127 3128 quod
1161 3044 1201 3108 ed
1234 3104 1238 3117 ,

81 3133 228 3201 :utendas
248 3134 371 3214 lanuarij
402 3139 468 3196 anni
491 3138 637 3216 sequentis
665 3133 833 3208 intercedit,
861 3132 983 3195 reddant
1010 3133 1115 3212 singuli
1139 3132 1200 3193 col·

81 3220 240 3285 pecoribus
259 3217 294 3278 ad
322 3218 351 3279 id
381 3220 410 3279 in
437 3219 623 3281 Distrietibus
652 3219 804 3300 deputatis.
847 3217 929 3277 Haec
958 3227 1052 3280 sutem
1080 3216 1203 3294 pecunia

81 3306 169 3369 ebet
188 3304 335 3362 asservari
357 3303 385 3360 in
407 3315 486 3363 certo
508 3305 570 3364 loco
593 3306 699 3384 preprij
724 3303 892 3374 Districtus,
916 3302 956 3361 ita
976 3310 1008 3361 ut
1027 3298 1140 3378 aliquod
1162 3317 1203 3359 ex

81 3410 104 3451 ι
131 3384 360 3448 emolumentum
383 3385 477 3459 cedat,
501 3387 574 3467 qnod
598 3390 784 3451 communiter
810 3385 992 3446 coustitutum
1019 3382 1116 3443 fuerit·
1160 3381 1201 3443 ll·

81 3470 123 3535 ud
148 3478 249 3529 entem
272 3472 399 3530 converti
421 3470 517 3541 debet,
539 3472 660 3551 primum
680 3471 717 3532 ud
739 3470 911 3530 Generalem
927 3467 1073 3540 Subolem,
1095 3461 1201 3527 deinde

81 3554 108 3617 ui
119 3553 328 3635 particulares,
341 3574 412 3633 quac
425 3552 538 3614 aliunde
551 3556 740 3635 provisionem
752 3555 858 3614 babere
870 3560 1024 3633 nequeunt,
1036 3561 1066 3611 et
1078 3547 1114 3611 ad
1129 3550 1201 3609 abas

81 3637 278 3705 necessitates
307 3636 460 3697 Ecclesiae
483 3641 546 3699 Dei.
596 3638 683 3698 Ratio
711 3649 805 3699 autem
838 3637 920 3697 buius
942 3634 1090 3695 Colleetae
1118 3630 1203 3693 reddi

81 3720 170 3787 lebet
192 3721 223 3779 in
245 3718 363 3799 Synodn
384 3720 574 3781 Districtuali.
605 3708 705 3795 xQnud
729 3724 753 3781 si
775 3722 838 3801 quis
861 3719 1019 3779 absentium
1042 3717 1115 3776 bauo
1132 3715 1202 3776 cot-

81 3818 186 3871 reram
212 3801 281 3863 dere
301 3815 422 3874 renuat,
445 3803 562 3864 Domini
585 3804 723 3866 Seniores
752 3815 783 3864 et
808 3803 956 3875 Ministri,
988 3800 1106 3880 quilibet
1135 3818 1203 3859 suas

81 3887 214 3953 miculos
236 3885 272 3946 ad
294 3886 347 3946 hoe
368 3888 487 3949 officium
513 3890 622 3967 gloriae
643 3891 701 3949 Iter⁸
716 3899 746 3947 et
767 3886 959 3948 aedificationi
979 3882 1131 3944 Ecclesiae
1151 3876 1203 3941 ad·
1224 3887 1230 3901 '

81 3970 200 4037 modurn
221 3971 289 4030 utile
313 3971 420 4031 bertari
442 3984 472 4031 et
492 3973 612 4032 incitare
633 3971 815 4032 tenebuntur.

166 4066 254 4132 Xlll.
298 4070 484 4132 Dominarum
499 4072 651 4132 seniorum
665 4070 854 4141 secularium,
877 4068 932 4128 boe
945 4084 1055 4150 qnoque
1076 4074 1122 4125 est
1142 4083 1204 4124 mn·

81 4178 134 4223 rus
158 4165 191 4217 et
209 4157 354 4234 proprium
376 4155 512 4230 officium,
536 4167 567 4216 ut
587 4157 663 4216 inter
683 4156 787 4216 iratres
810 4153 941 4233 negocia,
960 4161 990 4210 et
1009 4151 1084 4209 iacta
1106 4146 1203 4221 devia,

81 4238 333 4306 exhortationibus
365 4242 424 4298 suis
453 4241 620 4312 refrenent,
654 4239 690 4301 ad
717 4238 847 4300 ordinem
870 4245 979 4297 rectum
1007 4233 1037 4293 io
1064 4232 1140 4292 omni
1170 4249 1205 4290 re

81 4342 179 4399 none,
204 4320 292 4385 etad
318 4323 451 4405 pietatem
472 4321 631 4397 deducant,
664 4333 694 4386 et
714 4322 887 4388 inserviente
917 4315 1021 4400 iurpijs
1048 4325 1079 4379 et
1107 4312 1204 4377 litibus
