2648 4928
355 276 531 392 'Sybotis
554 304 862 375 Wlodislaviensis.
1087 304 1160 381 575

89 485 116 547 di
138 503 238 545 mum
253 481 397 543 vehentia.
441 479 567 541 Proinde
583 484 746 543 conclusum
767 495 814 544 est
831 483 987 547 secundum
1007 482 1114 547 Divina
1134 487 1164 547 in

89 570 218 648 uipturti
238 569 339 627 Souris
367 564 502 637 decretu,
523 576 556 625 et
575 566 681 645 piarum
704 565 882 646 synodorum
904 580 1064 629 nostrarum
1085 569 1165 631 Coa·

89 653 232 722 tutiores,
254 648 416 728 Disciplina
441 647 668 722 Ecclesiastico,
691 647 795 709 debitis
818 651 974 729 gradibus,
997 654 1111 713 omnino
1134 665 1165 713 et

89 737 132 797 rio
154 744 252 794 contra
279 733 350 792 tales
373 733 411 809 (si
439 733 486 809 qui
511 734 539 790 in
562 734 668 791 nostris
688 733 817 792 coetibus
840 737 1046 813 reperirentur,
1068 737 1165 796 cuius·

88 837 163 899 nque
184 818 243 877 sint
263 826 353 875 status
368 826 398 874 et
413 814 596 895 conditionis)
619 816 678 874 uti:
699 835 762 875 cnm
785 820 1077 879 excommunicatione
1098 834 1165 899 per-¹

89 903 200 973 nciam,
223 899 260 960 ab
280 918 331 959 usu
348 901 460 959 Coenus
481 901 603 969 Domuiu',
627 908 656 958 et
677 897 828 960 excoctu
847 899 987 962 Eidelium
1007 903 1162 964 eiectione.
1226 972 1231 981 Ι

133 1017 220 1081 Vlll.
263 1013 408 1096 synodum
431 1014 601 1074 Generalem
622 1033 705 1074 nemo
725 1013 856 1078 indicere
882 1015 969 1078 debet
988 1019 1098 1098 privato
1118 1036 1164 1079 ar·

89 1104 157 1174 rio,
183 1110 290 1160 tantum
321 1117 357 1158 ex
384 1098 523 1157 cummuni
549 1099 688 1157 sententia
714 1101 836 1159 omnium
865 1099 1164 1180 superattendeutium

100 1184 298 1269 primariorum
321 1180 507 1240 Dominorum
533 1180 732 1241 Patronorum.
775 1182 970 1245 Particularcs
997 1204 1067 1245 vero
1092 1186 1165 1246 libe·

89 1278 190 1332 usnnt
209 1264 325 1325 cuilibet
345 1263 460 1325 Seniuri
481 1265 510 1324 in
537 1284 588 1324 suo
609 1263 763 1326 Diuccesi:
792 1269 918 1328 consciis
949 1269 1035 1330 etiam
1061 1267 1167 1330 Senio·

89 1372 134 1415 iuu
154 1348 341 1412 secularibus.

136 1466 195 1529 tx.
240 1465 371 1525 Omnium
400 1462 513 1543 quidem
540 1460 741 1525 Ministrorum
766 1484 801 1527 ea
829 1484 985 1531 curasses
1008 1466 1111 1542 debet,
1135 1480 1168 1530 ut

89 1552 173 1637 ugull·
190 1551 275 1612 etiam
304 1550 479 1630 posteritatis
508 1567 594 1608 serae
618 1547 767 1627 Religioni
786 1552 1014 1630 prospicientes,
1037 1552 1168 1632 exemplu

89 1636 275 1719 ophetarum,
299 1631 417 1691 Domini
435 1632 523 1711 ipsius
545 1642 574 1691 et
594 1630 808 1711 Apostolorum,
831 1633 951 1695 babeant
972 1654 1067 1696 secum
1088 1656 1166 1696 cum-

89 1729 200 1787 nrautus
229 1716 320 1777 bonae
349 1714 451 1774 indolis
479 1712 702 1787 Adulescentes,
732 1735 802 1795 quus
837 1717 867 1776 in
898 1737 980 1778 usum
1015 1716 1168 1780 Ecclesiae

89 1815 190 1867 autum
211 1809 328 1881 possunt
348 1817 420 1880 pone
444 1818 495 1857 suu
517 1799 606 1872 alant,
628 1817 663 1858 ac
678 1797 818 1860 Doctrina
840 1810 870 1859 et
888 1798 1048 1882 Exemplis,
1071 1823 1089 1864 a
1110 1802 1168 1878 pri·

89 1885 288 1965 unguiculis
310 1881 346 1942 ad
360 1881 498 1942 Pietatem
521 1892 551 1941 et
572 1880 607 1941 ad
624 1881 754 1943 Labores
765 1882 876 1956 officii,
899 1884 1062 1946 informent.
1102 1884 1169 1947 Ma·

89 1990 130 2031 ue
158 1988 227 2029 uero
257 1966 286 2025 id
313 1967 376 2025 lieri
405 1984 525 2026 necesse
556 1976 601 2025 est
631 1964 848 2027 a=Seaioribuu
865 1965 1083 2042 Ministrurum,
1112 1988 1169 2050 quo

89 2056 143 2115 iam
161 2052 183 2131 ij
204 2051 321 2111 liberius
342 2048 441 2121 domo,
464 2068 482 2108 a
508 2067 560 2108 sua
581 2047 716 2111 Ecclesia
737 2049 773 2109 ad
799 2062 943 2123 caeteras,
969 2072 1021 2133 pru
1041 2053 1169 2113 necessi·

89 2148 117 2199 tc
135 2134 309 2197 functionum
331 2152 464 2204 suarum,
488 2132 630 2211 proficisci
654 2133 775 2211 possint.
820 2134 965 2194 Sancitum
988 2137 1082 2214 itaque
1111 2146 1167 2208 est,

108 2220 141 2281 iu
157 2216 266 2279 'familia
285 2215 435 2276 cuiuslibet
456 2215 604 2287 senioris,
628 2234 700 2275 unus
726 2225 775 2275 aut
794 2214 850 2277 duo
871 2227 929 2280 etc.
953 2219 1071 2278 iuvenes
1091 2217 1170 2279 alau-

89 2312 116 2377 r',
137 2299 266 2363 subsidio
287 2320 339 2360 seu
365 2300 484 2360 collecta
509 2295 554 2381 (ut
573 2295 688 2381 vocant)
711 2297 897 2360 Dominorum
921 2300 1110 2361 Patronorum
1125 2303 1170 2361 sui

89 2388 236 2449 iutrictuua
258 2384 437 2445 Praesertim·
452 2401 543 2455 vero,
565 2383 590 2441 si
612 2384 675 2465 quis
696 2382 804 2445 Senior
823 2382 961 2446 Minister
983 2385 1021 2444 sit
1040 2384 1171 2446 Duum

89 2490 206 2532 autom.

138 2566 182 2633 X.
225 2568 264 2631 Ut
285 2586 354 2627 uero
376 2566 466 2645 possit
488 2565 599 2625 lucilius
622 2573 652 2624 et
675 2563 807 2625 foelicius
828 2566 993 2627 conservari
1015 2586 1049 2629 ac
1071 2570 1172 2648 augeri

89 2654 249 2716 minuriunt
270 2651 422 2712 Ecclesiae
443 2653 512 2721 Dei,
540 2647 655 2708 Schulis
683 2647 876 2727 providendo,
907 2648 1027 2710 idoneos
1054 2652 1172 2713 iuvenes

89 2736 219 2809 locando,
243 2738 368 2816 ipsisque
389 2734 425 2793 ad
454 2734 551 2792 literas
579 2728 712 2790 colendas
741 2744 868 2812 sumptus
896 2730 1061 2812 largiendut
1091 2734 1172 2796 ubtu-

89 2832 153 2883 runt
179 2819 346 2899 iampridem
375 2837 410 2877 ea
441 2818 470 2875 in
499 2836 530 2876 re
558 2824 713 2894 promptam
747 2834 824 2874 uuam
857 2816 1030 2877 uoluntatem
1056 2816 1173 2877 Domini

89 2904 200 2967 nucula
228 2905 274 2963 Ac
295 2901 489 2982 superioribus
517 2899 691 2977 temporibus
713 2898 741 2958 in
764 2898 928 2978 quibusdam
950 2900 1076 2981 Synodis
1097 2901 1173 2961 ultro

89 2990 187 3069 »ipsis
211 2987 373 3048 conclusum
397 2995 458 3044 est:
481 2995 511 3041 ut
531 2982 649 3061 quilibet
667 2980 827 3054 Dominus,
858 2983 894 3042 ab
924 3003 1092 3064 unoquoque
1120 3003 1173 3045 uuo

89 3072 187 3133 uicola
209 3091 260 3130 scu
282 3071 388 3129 rustico
409 3087 506 3146 agrum
529 3065 663 3138 habente,
686 3064 735 3124 dct
762 3086 816 3125 unu
843 3067 906 3126 vice
931 3068 1055 3127 florenos
1077 3066 1174 3147 siugu-

89 3176 124 3215 u:
145 3154 186 3214 Ut
208 3173 243 3213 ex
262 3174 296 3212 ea
309 3173 415 3212 summa
437 3151 554 3209 collecta
569 3149 596 3207 in
612 3168 691 3207 usum
714 3147 897 3222 discentium,
920 3152 1070 3230 quotcunis
1090 3150 1173 3211 iustis

89 3239 153 3300 odis
182 3247 335 3318 proventus
374 3243 549 3314 suppeteret.
610 3232 707 3305 Quare
738 3234 815 3292 scrin
847 3244 930 3312 rogat
958 3244 988 3295 et
1016 3233 1175 3295 obtestatur

89 3320 208 3406 pnodus,
231 3340 329 3380 omnus
353 3317 492 3377 Dominus
513 3315 654 3375 Patronus
683 3318 710 3375 in
733 3314 836 3394 Regno
857 3315 996 3377 Polouiue
1020 3328 1050 3377 et
1064 3316 1174 3398 Magno

89 3417 176 3467 ucatu
201 3402 372 3463 Litbuaniao
400 3413 458 3461 cto.
490 3410 520 3458 ut
549 3397 660 3459 tandem
694 3398 858 3472 Collectas,
886 3398 922 3460 ad
951 3402 1125 3462 erectionem
1145 3412 1176 3461 et

89 3488 217 3551 tbsidium
254 3486 421 3546 Subularum
451 3494 676 3562 memoratusque
708 3502 796 3557 usus,
839 3484 971 3544 conferre
1007 3483 1173 3563 dignentur.

89 3592 192 3653 equum
214 3573 288 3632 enirn
309 3582 339 3630 et
355 3569 469 3648 dignum
490 3577 553 3637 ost,
583 3578 614 3624 ut
639 3567 745 3645 quiex
767 3584 849 3625 manu
871 3569 930 3627 Dei
946 3569 1040 3626 omnia
1058 3565 1094 3627 ad
1116 3567 1175 3627 dis-

89 3654 237 3719 tuaaudum
261 3654 314 3712 sibi
340 3653 489 3714 commissa
515 3650 632 3720 babent,
652 3647 689 3709 ad
712 3647 929 3727 promovendam
947 3649 1073 3710 Gloriam
1085 3650 1176 3730 ipsius

89 3762 117 3802 aa
149 3741 209 3800 tint
231 3739 346 3816 ignavi,
378 3747 560 3817 praepostera
587 3752 620 3792 ac
650 3731 763 3791 sordida
782 3734 954 3812 parsimonia
981 3753 1017 3794 nc
1040 3745 1174 3812 peccent,

89 3838 211 3903 mque
233 3820 360 3881 adirem
383 3831 413 3879 et
433 3818 584 3877 vindictam
608 3836 663 3875 non
691 3827 863 3894 provocent:
892 3815 932 3875 Et
947 3817 995 3895 qui
1017 3818 1096 3875 cives
1116 3814 1176 3874 Ec·

89 3910 169 3969 cuiae
192 3906 337 3986 praecipui
361 3914 437 3975 sunt,
460 3923 494 3962 ac
517 3903 545 3961 iu
572 3921 606 3961 ea
625 3901 718 3958 fructu
738 3897 899 3959 Ministcrii
920 3901 1032 3961 Christi
1048 3909 1174 3971 utuntur,

89 4002 119 4053 ut
141 3988 297 4050 Ecclesiae
320 3987 410 4070 (quud
433 3987 488 4046 sibi
509 3989 586 4044 Deus
607 3984 671 4041 olim
693 4000 745 4060 per
765 3983 929 4060 propbetam
954 3981 989 4041 de
1018 3982 1088 4061 ipsis
1110 4001 1176 4061 pro-

89 4076 155 4151 isit)
176 4072 353 4133 nutritores:
376 4082 459 4149 atque
479 4089 542 4129 cum
565 4066 681 4144 reliquis
701 4066 785 4124 etiam
807 4067 945 4125 tenuioris
978 4066 1065 4124 sortis
1087 4063 1176 4123 bomi-

89 4160 167 4230 bus,
194 4157 224 4215 in
249 4175 281 4217 re
308 4154 343 4214 ad
374 4174 472 4213 omnes
502 4160 665 4230 spectante,
695 4167 748 4227 per
776 4167 807 4209 se
829 4168 864 4208 ac
886 4147 1023 4209 adversus
1044 4149 1176 4227 impetum

89 4240 263 4304 andaluruuu
283 4237 431 4300 admodum
452 4236 628 4305 necessaria,
651 4252 703 4312 par
724 4251 794 4291 uuus
816 4231 920 4292 ierant.
963 4230 1045 4291 Alias
1072 4232 1102 4290 in
1123 4230 1176 4291 buc

89 4326 186 4410 gotio
209 4319 485 4404 negligentes‚duri,
509 4340 545 4382 uc
568 4313 948 4415 iut·crccuudi,d'ustissimu
970 4315 1105 4395 castigari
1125 4313 1174 4375 dc·
