2648 4928
411 296 612 379 commus
636 302 861 378 Geneuensis.
1117 300 1195 381 239

99 496 184 551 cent
203 484 315 561 voluit,
337 485 412 549 ulter
432 486 587 573 remeant.
631 484 722 559 Quasi
741 505 798 546 non
818 485 892 547 vello
911 485 997 547 edum
1016 482 1080 550 duri
1089 488 1197 555 Prnluc

99 584 209 649 *Μ’
229 572 433 714 ‘¹⁰”¹⁰⁰'13·⁰
444 568 858 733 lttltttltttttltt
872 572 944 715 tl:
957 576 1195 737 lililll'l'

99 656 445 820 milichie?
467 736 583 799 neusin
603 739 677 797 nun
693 737 752 798 un
769 697 844 803 nan.
862 698 871 718 ⁹
887 697 1015 800 sanun
1033 740 1063 801 n
1082 679 1197 805 solih!

99 826 219 885 reientm
235 822 421 904 phreneticus
444 823 516 893 iste,
544 819 619 901 quod
641 822 817 882 Potestntcm
843 823 948 904 accipit
974 843 1025 904 pro
1045 824 1197 889 Facultatc

99 908 283 989 etpumia,
305 926 391 987 quum
411 904 603 985 dignationem
624 905 740 965 honoris
752 908 845 985 potius
859 908 1012 985 signilicct.
1042 908 1197 991 Plusqucnt

99 1012 204 1053 run·
225 1010 296 1053 rcro
322 989 523 1050 hebetudinem
549 987 659 1069 prodit,
690 988 753 1048 dum
776 990 854 1050 uelut
878 990 982 1050 clausis
1001 993 1091 1055 oculis
1114 994 1197 1055 huluc

99 1076 226 1137 utcstmit
247 1094 364 1136 cuumm
385 1074 525 1154 praeterit
544 1073 623 1133 clare
644 1072 680 1132 ob
696 1071 882 1152 Euangeliou
897 1093 1076 1155 expressum.
1103 1076 1196 1139 Filios

99 1158 139 1221 lei
156 1158 222 1219 beri
242 1156 409 1239 praedicnt,
438 1157 487 1236 qui
506 1155 652 1217 Christum
674 1158 832 1235 rccipiunt3
861 1175 959 1218 uerum
986 1158 1103 1221 eosdem
1131 1180 1196 1223 mox

99 1262 136 1305 ru
147 1262 185 1305 cx
199 1260 291 1303 cerne
310 1252 341 1302 et
356 1241 552 1319 sanguinibus,
574 1238 625 1300 sed
642 1259 679 1301 ex
693 1239 757 1300 Deo
772 1241 963 1317 genitorem
976 1240 1057 1304 dicit.
1086 1242 1198 1324 Dignu-

99 1322 700 1489 btntttttltttltttt,
714 1324 1031 1480 'tiltti‘t‘lttt
1051 1326 1197 1487 titt:
1248 1460 1251 1465 ,

99 1512 147 1555 ιω
167 1491 285 1554 tundent
310 1510 379 1552 esse
400 1487 538 1551 declarat.
582 1489 658 1550 Nam
681 1492 707 1549 ci
737 1492 809 1551 lilios
829 1490 886 1551 ltnt
913 1511 968 1552 nos
996 1492 1092 1554 reddit
1111 1495 1196 1571 ludes,

99 1576 155 1638 ndu
178 1578 243 1657 ipsa
263 1575 347 1637 nobis
367 1573 469 1647 detur,
496 1572 733 1634 considerandum
762 1586 817 1634 est.
862 1574 918 1634 Est
943 1577 1018 1636 enim
1041 1580 1198 1658 spiritualis

99 1662 196 1721 uiuis
218 1662 349 1731 fructus,
377 1678 432 1739 quo
460 1678 512 1717 nos
533 1657 614 1718 Deus
641 1659 669 1717 in
696 1662 771 1717 vitae
800 1661 952 1720 novitutcm
983 1662 1120 1741 regignit.
1163 1662 1197 1724 lu

99 1762 206 1805 unc
226 1743 407 1805 verissimum
422 1753 466 1801 cst
478 1739 545 1801 illud
555 1741 726 1820 Augustini,
752 1740 899 1819 (Euchirl.
916 1741 952 1802 ud
965 1743 1055 1805 Laur.
1068 1752 1197 1826 cap-99.

99 1824 258 1907 hp‘ntlob.
280 1824 318 1887 cd
339 1825 447 1885 Sintum
469 1824 535 1884 Lib.
546 1832 577 1888 5.
602 1837 700 1885 contra
723 1826 804 1888 lulis.
829 1837 936 1908 capt.
959 1838 990 1888 et
1010 1829 1075 1889 eliis
1096 1830 1198 1911 locisi)

101 1908 158 1971 sch
173 1914 261 1993 gratia
283 1908 446 1988 redemptos
466 1908 624 1969 discernis
641 1908 771 1987 perditis,
795 1930 864 1991 quos
875 1911 910 1971 nd
927 1910 1115 1991 perditionem
1129 1934 1200 1974 con·

102 2006 213 2055 ceint
229 1996 269 2057 ab
290 1995 404 2072 urigine
423 1991 506 2052 ducta
529 2012 622 2052 masso
644 1994 813 2054 communis.
858 1994 942 2057 Unde
965 1998 1111 2077 sequitur,
1133 2018 1201 2077 gru·

102 2076 225 2141 innon
243 2077 427 2161 praedicuri,
454 2096 509 2156 qun
535 2075 684 2156 eligendus
708 2078 793 2149 lecit,
826 2098 881 2138 nou
908 2081 1034 2153 invenit3
1065 2079 1200 2163 quemad·

102 2160 196 2223 ndu
213 2162 287 2224 iden
310 2160 424 2239 saepius
444 2161 576 2222 inculcat.
612 2159 716 2233 Adde,
737 2159 811 2240 quod
832 2163 856 2221 si
878 2162 945 2245 qnid
968 2165 997 2223 in
1018 2165 1120 2226 electis
1139 2166 1200 2225 suis

100 2244 227 2325 perilot
244 2246 330 2307 Deus
350 2263 441 2323 quon
467 2245 598 2324 reprobis
619 2245 697 2323 ipsos
720 2242 882 2320 discernet,
906 2249 1008 2308 inscito
1024 2246 1131 2309 Paulus
1152 2267 1200 2309 cr·

103 2342 200 2407 gunt,
224 2332 294 2411 quin
319 2325 440 2389 nondum
465 2337 532 2387 tuuc
552 2330 610 2387 uati
631 2340 714 2388 erent
735 2330 856 2402 fratres,
886 2350 925 2391 ex
943 2342 1063 2392 vocatus
1084 2352 1141 2392 non
1164 2350 1201 2394 cx

104 2412 213 2491 wihus
233 2414 326 2474 luisse
346 2410 464 2470 dictum=
497 2411 594 2470 Maior
613 2414 721 2472 seruiet
742 2414 856 2477 minori.
900 2413 999 2488 Qusrc
1022 2416 1125 2476 solutio
1144 2416 1201 2476 istc

104 2492 132 2555 lc
147 2499 280 2579 periris
299 2498 437 2574 ‘cuiusque
458 2496 592 2576 operibus
609 2508 706 2574 aperto
721 2495 810 2555 Paulo
829 2498 955 2558 insultat.
991 2498 1112 2578 Colligit
1125 2499 1202 2559 Pnu-

101 2577 149 2654 te,
172 2584 201 2642 in
219 2582 365 2643 electione
386 2578 445 2638 Dei
472 2600 526 2638 non
551 2579 648 2639 haberi
671 2599 787 2658 operum
810 2593 990 2659 respectum,
1025 2584 1091 2663 quin
1113 2583 1200 2644 lneob

100 2658 165 2725 lltus
183 2666 267 2726 lrntri
288 2664 439 2744 praetulit,
470 2673 618 2742 antequem
646 2665 704 2722 nati
733 2674 831 2722 essent
852 2675 882 2723 ct
903 2668 1050 2746 quiequam
1072 2669 1203 2747 egissent

100 2744 151 2809 htcl
169 2751 214 2810 uel
237 2750 315 2809 mali.
358 2747 428 2817 lsti,
451 2757 482 2805 ut
502 2767 519 2805 a
540 2746 604 2806 Deo
626 2747 695 2825 eligi
713 2746 876 2819 obtineant,
898 2768 968 2827 quos
990 2750 1084 2829 aliqua
1105 2751 1202 2830 probi·

99 2834 151 2893 lutis
163 2844 230 2893 uota
252 2844 275 2893 a·
291 2830 421 2910 reprobis
441 2829 595 2901 discernit,
619 2828 782 2910 praesideri
801 2831 975 2906 obtendunt,
999 2834 1089 2912 qunlis
1107 2836 1202 2893 luturn

99 2916 170 2977 sitin
194 2915 361 2996 recipienda
387 2915 432 2974 vel
456 2914 616 2992 respuenda
642 2915 735 2993 gratia
761 2914 898 2994 cuiusque
918 2914 1079 2996 dispositio.
1124 2916 1202 2992 Quid

99 3000 118 3057 ti
132 3002 286 3081 recipitur,
307 3019 379 3070 eos,
405 3000 451 3077 qui
470 2997 604 3057 nihildum
628 2999 696 3057 boni
716 3011 853 3075 egerunt,
877 3019 931 3058 non
954 3010 1045 3059 tamen
1060 3000 1141 3062 Deus
1164 3020 1203 3063 cx

99 3086 216 3164 operibus
236 3086 348 3163 eligere
369 3080 498 3153 desinet,
528 3084 593 3162 quin
617 3102 653 3141 ex
675 3082 808 3160 operibus
829 3085 971 3161 praevisis
1000 3085 1112 3145 interce
1133 3104 1203 3165 peu·

99 3165 163 3229 lcbit
183 3168 300 3230 electio.
345 3167 433 3245 Atqui
453 3186 536 3245 quum
556 3165 664 3225 Paulus
686 3185 737 3244 pro
758 3166 892 3226 coulesso
911 3178 1037 3227 sumeret
1057 3167 1131 3249 quod
1153 3169 1205 3229 ho·

99 3254 132 3313 iis
150 3255 211 3313 istiu
231 3252 374 3330 theologis
397 3260 443 3309 ost
463 3248 646 3320 incredibile,
670 3249 778 3308 Omnes
800 3269 838 3309 ex
858 3271 950 3331 aequo
972 3271 1038 3311 esse
1058 3252 1203 3332 indignor,

99 3354 201 3416 tequam
225 3349 345 3396 naturae
371 3336 399 3393 in
422 3334 551 3392 omnibus
573 3352 638 3392 esse
659 3334 888 3411 corruptionem,
922 3354 1025 3396 secure
1047 3335 1113 3396 indu
1135 3356 1204 3395 con·

99 3423 196 3493 siluit,
228 3419 325 3481 Deum
351 3418 475 3497 gratuito
503 3437 554 3475 suo
577 3418 722 3496 proposito
753 3417 863 3496 eligere
892 3438 1075 3498 quoscunque
1100 3420 1203 3498 eligite

99 3501 920 3649 ”ettitlzfittttllt‘tlll“tttttllttl
945 3502 1205 3645 ,lttltttt'tlt

99 3668 178 3733 llcmn
197 3670 273 3753 quod
295 3689 437 3748 nunquam
458 3669 581 3727 futurum
605 3679 668 3740 est,
692 3667 784 3727 donec
805 3670 867 3750 ipse
892 3669 1012 3742 lecerit,
1034 3666 1204 3751 praesidere

101 3755 249 3816 lubomiue
268 3754 419 3814 somniant.

169 3840 336 3919 Quanquam
361 3838 431 3895 buce
454 3855 506 3915 per
528 3853 560 3894 sc
583 3836 653 3893 satis
675 3834 753 3893 clara
775 3844 861 3893 sunts
895 3835 1008 3915 longius
1036 3844 1130 3895 tamen
1153 3852 1205 3893 uos

99 3919 172 3981 Pauli
189 3934 342 3985 contextus
364 3920 452 3980 ducit.
486 3918 623 3998 Sequitur
641 3920 733 3989 enim,
759 3918 834 3992 Quid
856 3937 928 3996 ergo
949 3919 1100 3978 dicemus?
1123 3916 1207 3976 Nun·

99 4004 160 4085 quid
175 4008 314 4068 iniustitia
336 4015 381 4065 est
401 4002 475 4083 apud
496 4002 613 4062 Deum?
632 4002 687 4061 Vel
711 4003 782 4061 haee
804 4002 927 4062 obiectio
948 4004 1010 4061 sine
1033 4003 1142 4063 rationo
1163 4001 1207 4058 in·

99 4092 209 4166 periture
234 4092 281 4151 vel
303 4088 407 4148 nullum
429 4088 567 4168 praevisis
588 4087 723 4166 operibus
745 4086 834 4144 locum
854 4085 940 4146 dabat
960 4086 1042 4145 Pauli
1061 4083 1205 4145 doctrine.

99 4174 169 4248 liure
194 4176 273 4236 enim
298 4173 452 4232 iniustitiae
482 4173 606 4251 suspicio
634 4171 745 4249 concipi
765 4180 877 4248 potest,
907 4170 956 4230 ubi
977 4168 1058 4228 Deus
1085 4167 1208 4246 gratiam

99 4260 215 4319 omnibns
238 4255 541 4328 communiterollert,
564 4255 736 4314 incitantem
753 4263 784 4312 ut
797 4272 832 4313 oa
852 4253 930 4333 digni
944 4249 1096 4312 lruantur‘l
1116 4248 1209 4313 Deni-

99 4360 145 4423 quc
161 4362 250 4427 quun
270 4340 424 4405 electionis
444 4341 491 4403 vel
510 4337 718 4423 reprobationis
746 4356 860 4400 eausam
887 4338 917 4400 in
948 4337 1051 4397 tuturis
1073 4334 1209 4420 operibus
