2648 4928
358 303 549 374 Declarntio
576 301 826 376 Tlnornniensis.
1084 307 1159 384 683

89 508 104 547 s
128 488 203 557 eius,
229 483 357 564 adeoque
379 483 471 543 Unum
490 501 554 541 cum
574 481 638 560 ipso
660 481 772 564 Corpus
794 487 958 566 mysticum,
987 488 1061 570 qnod
1077 491 1159 573 Apo.
1245 476 1250 491 ¹

89 572 142 630 ilus
159 571 259 629 merito
284 568 355 627 dixit
376 567 548 646 Mysterium
571 584 699 642 magnum
722 588 799 628 esse.

138 661 188 716 14.
234 651 366 728 Denique
387 648 423 708 de
442 648 558 707 Ritibns
589 648 671 707 buius
693 651 871 711 sacramenti
900 654 954 714 laec
979 658 1077 718 saltem
1105 661 1160 721 iam

89 735 193 808 dimus,
216 734 290 815 quod
313 733 443 792 Christus
465 733 528 810 ipse
550 750 646 790 omnes
676 752 712 792 ex
734 733 834 794 Calice
861 737 959 797 bibere
979 760 1034 799 non
1055 745 1160 818 minue,

89 841 134 882 ana
156 838 257 899 panem
280 816 368 877 edere
391 817 519 874 iusserit.
565 813 704 894 Quodque
721 817 805 876 Ritus
821 819 856 878 ab
877 824 939 898 ipso
961 822 1104 884 institutos
1124 848 1162 888 cn
1215 859 1218 868 ν

89 916 135 965 rte
155 913 203 964 aut
224 912 284 960 toto
304 898 446 970 abolendi,
470 900 515 957 vel
536 896 571 957 ad
589 899 697 958 alienos
718 901 789 960 lines
810 921 845 959 ac
866 921 933 962 osus
956 899 1160 983 transferendi,

88 988 98 1048 l
125 987 196 1048 alios
217 985 319 1056 Ritus,
349 994 479 1061 tanquam
509 983 706 1056 necessarios,
734 982 785 1043 sub
805 982 995 1048 Anatbemate
1023 989 1161 1070 addendi,
1273 1010 1277 1020 ·
1305 961 1313 974 ι

91 1071 161 1132 mini
182 1068 341 1129 mortalium
362 1075 488 1147 potestas
512 1074 662 1145 competat.

407 1247 462 1311 Do
494 1248 802 1312 confirmatione.
886 1261 891 1272 '

139 1400 171 1453 1.
216 1386 366 1451 Credimus
394 1385 540 1468 probabile
563 1405 648 1459 ease,
673 1386 864 1466 Impositionis
894 1409 1022 1454 mannum
1048 1392 1164 1464 Donni.

91 1494 131 1549 m,
154 1492 225 1554 qnae
246 1472 323 1532 ldeb.
348 1480 381 1541 6,
402 1492 430 1532 v.
457 1480 507 1531 12.
534 1471 660 1547 iungitur
684 1469 841 1530 Doctrinae
870 1471 1095 1554 Baptismatnm,
1118 1501 1166 1542 re-

89 1559 127 1618 rri
145 1557 181 1617 ad
200 1556 305 1617 Curam
328 1555 404 1615 illam
421 1553 586 1624 Ecclesiae,
610 1573 665 1633 qua
684 1556 764 1632 pueri
784 1556 812 1615 in
826 1555 965 1619 Doctrina
981 1559 1165 1626 Cateelaetica

89 1641 191 1711 stituti,
213 1642 373 1720 prinsquam
398 1637 612 1698 admitterentur
644 1634 680 1696 ad
700 1638 809 1697 Sacrae
833 1638 950 1702 Coenae
972 1636 1179 1726 participatio·¹
1251 1714 1257 1721 ῃ

89 1744 138 1798 sn,
161 1721 312 1783 Ecclesiae
334 1722 524 1799 starchannus,
554 1719 590 1779 dc
612 1717 668 1779 lido
690 1739 740 1778 sua
762 1726 950 1801 responsari,
980 1738 1011 1786 et
1031 1732 1166 1807 precibus

89 1827 121 1868 ro
152 1805 435 1878 commendabantur,
464 1804 576 1864 adiecto
605 1802 673 1861 llitu
710 1822 840 1865 mannum
875 1807 1088 1887 Impositionis,
1107 1817 1165 1894 qni

89 1901 148 1953 rtns
168 1903 231 1950 erat
249 1891 388 1949 orantium
409 1899 439 1948 et
460 1885 687 1948 benedicentium
710 1896 838 1966 tempore
859 1889 1109 1969 Patrinrebarum,
1137 1910 1168 1959 at

89 1973 354 2052 incepsusitatns.
409 1972 493 2030 Hanc
526 1969 693 2028 Orationem
723 1981 755 2029 et
778 1972 1049 2038 commendationem
1078 1978 1167 2041 adulti

89 2057 150 2120 tetta
171 2054 207 2115 ad
230 2056 343 2127 Deum,
373 2065 436 2135 post
457 2054 611 2130 legitimum
635 2071 776 2128 examen,
797 2052 1046 2122 confirmationem
1070 2066 1167 2125 nancaei

89 2138 141 2202 sile
159 2141 357 2218 permittimus,
379 2139 454 2198 sicut
475 2138 558 2197 otiam
579 2135 663 2196 Ritus
684 2136 747 2216 ipse
768 2138 797 2197 in
816 2136 962 2203 Eccleeiia
987 2146 1093 2206 nestris
1111 2150 1167 2209 ri·e

89 2232 200 2287 mitit.

138 2317 173 2371 2.
216 2303 365 2385 Negamus
385 2314 501 2366 antem:

141 2402 172 2455 1.
218 2387 469 2450 confirmationem
500 2407 568 2449 esse
587 2386 801 2449 Sacramentum
830 2387 908 2450 Nori
932 2389 1014 2454 Test.
1043 2412 1112 2456 vera
1140 2405 1171 2457 aa

89 2477 176 2559 aprio
197 2472 312 2534 dictum.
415 2509 425 2530 .

139 2583 173 2637 2.
217 2573 383 2650 lorprimere
403 2570 608 2631 characterem
631 2568 809 2631 indelebilem
831 2572 859 2629 in
882 2573 986 2639 anima.

142 2669 175 2722 1.
220 2656 375 2735 Utrumque
398 2656 452 2713 boc
473 2655 524 2713 sub
547 2654 735 2713 Anatbomate
756 2653 928 2714 credendum
947 2676 1023 2719 esso.

142 2762 176 2818 4.
221 2753 467 2812 Conlirmationcm
496 2774 552 2811 non
582 2754 671 2812 solum
699 2753 843 2830 Baptismo
876 2756 1096 2830 conserendam,
1120 2759 1170 2819 scd

90 2861 144 2903 am
167 2841 196 2897 in
219 2835 326 2895 duobus
346 2835 561 2914 praeferendam
593 2845 676 2906 c'sse,
706 2837 846 2897 videlicet
867 2837 1004 2916 dignitate
1028 2841 1170 2919 Ministri‚

89 2929 100 2987 i
122 2934 173 2985 cst
195 2922 270 2980 solus
292 2919 464 2999 Episcopus,
488 2929 517 2978 ct
535 2919 710 2998 perfectione
732 2919 862 2982 ollactus.

415 3101 470 3161 De
504 3101 815 3163 Poenitentia.

147 3256 179 3307 1.
223 3241 289 3300 Non
311 3239 530 3299 controvertitur
551 3239 613 3305 hic,
643 3258 678 3298 an
707 3236 741 3298 ad
764 3239 970 3301 [lamissionem
994 3251 1171 3321 peccatorum

89 3326 226 3410 quiratnr
247 3324 405 3383 Conversio
424 3324 528 3382 mentis
549 3322 584 3381 ad
601 3321 707 3394 Deum,
731 3331 761 3380 et
781 3324 892 3382 interna
909 3335 1089 3403 peccatorum
1110 3337 1187 3385 cun}

89 3415 164 3473 lore
186 3407 369 3468 detestatio..
392 3407 558 3485 Asserimus
580 3407 655 3465 enim
678 3406 761 3464 talem
783 3409 997 3484 poenitentiam,
1019 3418 1049 3468 nt
1072 3428 1175 3489 perpe·

89 3496 140 3557 'rm
167 3491 358 3552 conditionem
387 3489 422 3549 ad
448 3491 643 3548 remissionem
670 3490 801 3569 peccati,
837 3492 998 3570 requisitam
1027 3492 1118 3552 luisse
1147 3494 1173 3551 in

89 3595 187 3656 roqno
205 3576 401 3644 Testamento,
423 3593 475 3651 qna
498 3585 631 3652 peccator
651 3594 705 3632 nou
726 3572 837 3652 quidem
860 3592 922 3633 eam
944 3585 1080 3647 meretur,
1106 3575 1175 3651 (boe
1258 3568 1266 3577 ’

89 3665 139 3722 rim
163 3659 248 3719 efficit
269 3660 357 3717 solum
379 3657 515 3716 Meritum
537 3668 567 3716 et
588 3656 753 3716 Satislactio
776 3657 903 3730 Christi,
926 3677 988 3717 cum
1011 3677 1073 3717 eam
1093 3660 1175 3718 nobis

89 3746 119 3806 le
142 3745 208 3803 riva
228 3742 413 3821 applicamus)
436 3739 486 3800 sed
504 3759 555 3817 per
576 3759 637 3799 earu
660 3742 865 3820 praerequisita
886 3740 1174 3821 conditioimpletor,

88 3849 119 3889 ra
145 3836 227 3904 aptus
249 3828 279 3885 lit
298 3826 334 3884 nd
348 3825 470 3883 divinam
494 3821 716 3882 misericordiam
742 3823 979 3902 consequendam.
1023 3823 1107 3884 lianc
1130 3845 1176 3885 so·

89 3933 118 3972 nr
142 3912 281 3969 internam
305 3909 514 3968 Poenitentiam
542 3907 670 3965 sufficere
692 3906 860 3966 affirmamus
891 3908 1066 3984 inpeccatis
1088 3909 1178 3968 laten·

89 3998 156 4065 bus,
179 4013 297 4071 quorum
318 3992 371 4050 sibi
393 3991 525 4049 conscius
546 4000 689 4068 peccator,
711 3999 742 4049 ct
762 4007 834 4069 qnae
855 3989 907 4048 soli
930 3987 994 4048 Deo
1016 3999 1082 4048 nota
1104 4002 1178 4054 sunt.

150 4088 183 4138 2.
228 4076 362 4134 Liberum
391 4084 484 4132 tamen
513 4091 681 4142 censemus,
717 4083 747 4132 et
783 4073 958 4131 utilissimum
984 4070 1178 4133 Conscientiis

89 4161 183 4232 axiis,
205 4158 240 4217 ad
263 4178 360 4218 eorum
390 4159 535 4216 eonsilium
558 4158 734 4234 confugere,
758 4156 804 4233 qni
828 4174 864 4214 ea
885 4155 980 4214 ollicio
999 4164 1177 4231 peccatorum

89 4259 199 4307 ituram
223 4254 254 4302 et
274 4242 512 4301 circumstantiam
535 4243 649 4318 propius
679 4251 801 4311 norunt,
833 4251 863 4299 et
883 4259 899 4297 a
920 4237 1035 4317 proprio
1055 4235 1178 4299 Pastore

89 4327 295 4392 >oculatiorem
319 4334 430 4405 potero,
451 4342 503 4403 per
525 4323 642 4403 aliquam
664 4332 842 4404 peccaterum
866 4318 1095 4394 declarationem,
1117 4323 1185 4401 qais,
