2648 4928
234 228 296 331 lte
318 258 512 329 ieiuniorum
536 261 739 354 praeceptis.
994 257 1071 356 751

83 458 165 523 rpore
185 436 306 511 indicta,
329 457 392 498 cam
413 434 443 496 id
462 446 560 497 certae
574 437 890 514 scilicetcaianritatcs,
913 439 958 502 vei
979 443 1072 506 immi·
1127 493 1130 501 .

83 534 150 596 ntes,
173 523 220 582 uel
239 513 493 603 iant'prcrneotes,
516 533 680 600 poscerent.
726 512 960 602 Quandoquidem
982 528 1071 606 igitur

83 596 197 689 iptora‚
219 615 249 665 ut
269 603 308 663 Ι).
330 604 438 664 Parius
469 601 576 664 diserte
607 605 744 678 affirmat,
774 606 849 665 omni
879 606 952 667 hono
982 630 1071 691 opere

83 693 169 762 noir,
191 693 306 768 ignorat
332 698 425 748 autem
448 687 520 747 baec
541 689 703 767 praeceptis
728 699 840 749 extorta
866 689 991 765 ieiunia,
1011 714 1069 756 non

83 792 176 846 suns,
199 774 248 851 qni
264 772 466 850 Apostolorum
490 773 704 831 successorihus
725 771 816 832 dicere
848 775 964 848 otnerit,
988 785 1069 838 tanto

83 854 187 917 iesiam
213 868 325 949 tamque
349 855 512 934 periculoso
531 873 619 914 encre
640 874 772 932 gravare.
819 792 1067 921 dorcestrensem

83 949 169 1012 marr,
192 939 258 999 oiim
281 940 387 996 variam
411 947 440 997 et
472 937 589 996 liberam
612 939 702 998 fuisse
723 939 892 998 ieiuniorum
913 940 988 1020 apud
1008 941 1068 1005 Ec-

83 1020 140 1105 ῥυ
164 1022 404 1098 observationem,
423 1021 464 1080 uti
483 1020 588 1098 legitor
608 1021 657 1080 tit.
677 1019 847 1082 Ecclesiast.
862 1023 930 1082 hist.
952 1036 1065 1101 octavo,

83 1128 103 1181 q·
129 1111 177 1170 14.
222 1104 255 1165 In
279 1103 378 1164 eodem
401 1103 474 1162 libro
498 1105 624 1164 meminit
638 1101 794 1177 Eusebius,
816 1103 955 1185 quenda·
975 1108 1067 1189 Apol·

83 1184 140 1267 {tm
169 1189 339 1268 scriptorem
368 1187 591 1248 ecclesiasticum
621 1187 699 1248 inter
726 1199 862 1261 caetera,
893 1190 978 1250 etiam
1010 1194 1065 1254 hec

83 1284 202 1337 mento
215 1271 346 1332 Montani
359 1271 496 1331 baeretici
510 1268 665 1330 doctrinam
682 1273 858 1346 confutasse,
871 1272 944 1353 qnod
956 1278 1064 1352 primus

83 1357 205 1419 abierunt
222 1357 302 1434 leges
317 1355 495 1433 imposuerit.
532 1352 616 1414 Adeo
628 1355 743 1434 putabat
755 1356 828 1414 istnc
839 1374 935 1426 sanam
951 1356 1064 1418 chuni

83 1441 191 1501 minam
212 1439 407 1519 profitentibus
431 1436 587 1516 indignum.
631 1436 703 1497 lnde
716 1437 938 1518 Chrysostomns
960 1441 1065 1501 alicubi

83 1514 277 1593 issonestam
299 1522 456 1593 ieiunium,
492 1519 542 1579 sed
565 1528 648 1580 nemo
679 1532 812 1601 cogatur:
839 1519 881 1581 Et
907 1523 975 1582 alibi
1006 1545 1065 1585 non

83 1604 178 1675 butem
196 1607 325 1666 ieiunare
347 1605 487 1675 bortatur,
510 1614 542 1662 ut
567 1604 709 1663 abstineat
729 1624 746 1663 a
769 1603 887 1684 dciitijs,
907 1605 991 1687 idque
1012 1607 1064 1668 ad·

83 1697 128 1757 ‚nt
154 1687 230 1750 haud
260 1708 400 1766 magnoa
430 1687 537 1747 ieiunio
564 1687 712 1747 intervallo
733 1685 859 1761 distare,
884 1687 1063 1771 validumque

83 1773 208 1835 ateium
229 1769 266 1831 ad
288 1769 496 1851 reprimendum
519 1772 643 1831 furorem
665 1768 780 1830 diaboli.
823 1769 871 1831 Ad
893 1770 976 1847 baec,
1000 1776 1064 1855 ipsa

83 1870 143 1932 que
173 1855 349 1936 experientia
383 1855 446 1935 pios
480 1854 566 1913 nimio
603 1853 784 1933 comprobat,
822 1856 861 1914 ita
892 1856 1062 1919 ieiuniorum

83 1948 188 2022 teepta
208 1940 307 2019 pietati
324 1939 479 2020 plurimum
492 1937 630 1999 obfuisse.
675 1935 714 1997 Ut
735 1938 823 2016 igitur
839 1941 909 2000 satis
930 1952 1064 2003 constare

83 2013 112 2083 it
134 2025 226 2084 visum
249 2033 307 2095 est,
329 2041 465 2102 proceres
485 2020 627 2081 ecciesiae
648 2019 722 2080 banc
753 2029 933 2100 potestatem,
955 2025 1065 2086 ieiunia

86 2090 259 2177 indicendi,
288 2115 319 2164 ut
349 2105 460 2184 peccati
482 2105 672 2165 consciendas
706 2103 918 2182 obstringeret,
948 2118 1064 2187 praeter

83 2197 193 2265 pturae
215 2184 413 2249 authoritatem
436 2188 605 2266 sumpsisse,
626 2190 666 2248 itu
682 2188 753 2247 solui
767 2188 958 2249 conscientias
980 2190 1062 2252 bisen

83 2272 142 2336 etr
164 2273 356 2354 permisimus,
379 2270 430 2330 scd
453 2271 694 2351 perscripturus,
717 2270 941 2332 maximeautem
963 2270 1062 2333 Paeli-
1101 2334 1107 2349 ¹

83 2376 196 2439 ¹,quae
223 2357 293 2415 hacc
324 2353 417 2413 mnndi
446 2355 627 2414 clementa‘a
648 2353 876 2415 Christianorum
898 2355 1059 2416 cervicibus

83 2434 171 2519 hilari
193 2438 287 2500 studio
305 2439 481 2498 submovent.
525 2436 629 2516 Neque
651 2439 727 2498 enirn
748 2437 811 2498 leve
832 2437 906 2517 apud
926 2456 980 2498 nos
999 2458 1060 2499 mo·

83 2526 173 2599 ¹tharra,
195 2523 302 2583 habere
324 2521 421 2581 debuit
441 2518 509 2580 iliud
533 2520 634 2581 Pauli:
657 2519 705 2581 Ne
727 2522 789 2603 quis
810 2520 897 2601 igitur
914 2541 965 2582 vos
986 2518 1061 2585 iudi·
1089 2537 1143 2588 cot
1156 2541 1182 2589 n.

83 2602 138 2671 ,Ιο
167 2606 232 2668 cibo
252 2618 300 2665 aut
326 2617 410 2685 potu,
439 2615 487 2663 aut
510 2603 622 2665 delectu
648 2602 706 2665 diei
730 2606 815 2678 festi,
837 2616 885 2665 aut
909 2606 1059 2686 novilunij,

87 2691 312 2753 ubbatherum.
359 2688 398 2746 Et
414 2708 511 2747 rursus
523 2712 531 2747 ι
552 2688 651 2767 itaque
663 2690 688 2746 si
704 2691 804 2749 mertui
816 2691 890 2752 estis,
902 2710 964 2750 cum
975 2689 1061 2750 Chri-

83 2774 133 2847 'Db
154 2775 304 2834 elementis
323 2771 430 2836 mundi,
453 2771 520 2850 qnid
541 2783 679 2850 tamquam
694 2772 822 2832 viventes
845 2771 970 2849 decretis
985 2784 1065 2834 teue-

83 2850 125 2927 ἰ)
154 2859 190 2920 Si
221 2858 323 2917 etenim
351 2855 390 2915 D.
415 2855 545 2929 Paulus,
579 2875 633 2933 quo
660 2873 745 2915 nemo
771 2875 889 2935 unquam
916 2854 1063 2918 Christum

83 2935 287 3015 fitts'docuit,
319 2941 348 2998 in
377 2959 438 2998 eam
467 2959 519 2998 nos
546 2938 707 2998 libertatem
739 2957 835 2999 rerum
867 2942 1062 3014 externarum,

83 3054 90 3089 r
129 3026 250 3087 bristout
272 3022 403 3083 adsertos
425 3021 593 3094 contendit,
621 3031 653 3080 ut
678 3041 733 3079 non
756 3019 838 3082 modo
861 3021 930 3083 nulii
950 3033 1063 3083 creatu-

83 3110 85 3115 ’
166 3109 320 3189 permittat,
346 3127 408 3176 cos,
431 3108 479 3186 qui
500 3105 617 3166 Christo
643 3101 775 3178 eredunt,
805 3104 850 3165 sel
871 3107 927 3166 iliis
947 3105 1061 3188 quidem

83 3183 132 3257 hs
151 3201 184 3253 et
203 3190 466 3262 observationibus,
498 3187 656 3268 gravandi,
687 3207 757 3267 qnos
779 3198 872 3248 manen
893 3187 973 3250 Deus
995 3191 1061 3270 ipse

83 3254 176 3349 itote,
203 3285 233 3334 et
253 3293 304 3334 suo
326 3283 453 3353 tempore
476 3271 614 3350 prodesse
635 3290 746 3353 qnoque
767 3272 871 3344 voluit,
901 3272 1060 3334 sedetiam

83 3360 188 3422 *neiat
206 3378 224 3417 a
244 3355 361 3416 Christo
382 3355 544 3427 excidisse,
562 3356 725 3434 'factumque
748 3356 791 3416 eis
815 3355 960 3416 Christum
980 3358 1062 3417 ocio-

83 3445 105 3513 h.
124 3443 178 3524 qni
201 3461 234 3502 se
255 3441 299 3500 his
320 3437 412 3500 addici
436 3440 594 3517 patiantur,
618 3439 683 3517 quid
708 3440 763 3499 iam
782 3449 911 3519 potamus
934 3451 1061 3500 sentien-

83 3532 95 3585 t
116 3529 160 3591 sit
181 3524 217 3587 de
239 3522 496 3604 praeceptionibus,
519 3543 588 3603 quas
611 3544 666 3583 non
688 3523 776 3583 solum
798 3523 871 3581 citra
891 3542 974 3585 omne
996 3544 1060 3584 ora-

83 3606 135 3686 ῗὶ,
159 3609 365 3672 verumetiam
389 3607 498 3687 absque
520 3607 576 3666 uilo
596 3605 723 3666 imitabili
742 3605 882 3685 exemplo,
904 3625 940 3668 ex
962 3627 994 3668 se
1010 3606 1061 3668 ho·

83 3700 124 3759 ,ΙΙ
159 3692 312 3757 commenti
341 3701 423 3763 suot,
461 3709 586 3770 quaeque
616 3687 681 3748 ideo
711 3709 767 3747 non
788 3707 881 3767 egena
903 3699 1010 3752 tantmn
1031 3701 1063 3752 et

83 3772 165 3853 itta,
193 3775 244 3838 sed
273 3774 357 3835 noxia
382 3775 487 3845 etiam,
519 3794 574 3831 non
603 3771 764 3844 elementa,
793 3772 848 3832 hoc
871 3784 934 3849 est,
959 3794 1060 3837 sacrae

83 3852 200 3938 delirae
222 3857 399 3930 rudimenta,
432 3856 484 3916 sed
506 3855 597 3914 omnis
621 3873 705 3914 verae
724 3854 840 3933 pietatis
861 3856 1062 3936 impedimenta

83 3936 162 4007 duis
189 3942 293 4005 inere?
329 3942 442 4015 Quanto
464 3939 596 4000 iniustius
621 3939 694 4009 erit,
725 3956 882 4017 quenquam
910 3940 965 3999 sibi
986 3941 1060 4002 hane

83 4032 203 4091 btatem
226 4030 255 4087 in
277 4024 387 4084 Christi
408 4025 513 4082 clerum
535 4038 661 4093 sumere,
683 4030 712 4080 ut
733 4020 894 4082 huiusmodi
912 4041 976 4083 enm
996 4043 1061 4085 ser·

83 4111 120 4170 de
143 4122 263 4194 premat,
286 4117 472 4188 quantumque
494 4125 510 4164 a
537 4103 655 4163 Christo
682 4121 735 4162 nes
753 4106 921 4165 remotiores
942 4107 1057 4180 iecerit,

83 4182 134 4273 Βίι
158 4213 212 4255 nos
232 4189 460 4254 subiecerimosi
480 4188 553 4263 Quis
568 4188 642 4247 caim
659 4206 716 4246 aon
729 4185 825 4247 videat
841 4187 961 4266 gloriam
973 4187 1060 4250 Chri·

91 4279 150 4343 ent
170 4297 225 4341 nes
243 4275 328 4339 decet
346 4285 421 4336 tetes
440 4273 551 4347 rivere,
572 4289 643 4353 qnos
656 4268 707 4333 ille
725 4269 793 4353 sibi,
814 4267 899 4365 idque
918 4274 1058 4356 sangnine
