2648 4928
372 292 567 387 consensus
591 295 814 367 Geoevensis.
1072 298 1151 377 257

31 484 142 535 rutero
171 468 314 533 docrevit.
357 471 462 553 Neque
486 483 638 555 propterea
666 474 774 534 varium
793 477 907 537 censeri
930 478 974 538 fas
995 490 1061 552 est,
1083 484 1150 562 qnia

35 566 161 637 usqum
184 554 354 633 Legisiator
382 577 482 617 omnes
512 568 631 617 externa
659 559 735 617 vitae
766 557 896 619 doctrina
926 562 1081 624 illuminet:
1113 564 1151 627 ad

10 640 115 701 initam
144 659 243 699 omnes
264 641 363 719 priore
391 639 476 701 modo
507 650 608 700 nocete
645 639 699 700 boc
725 652 819 702 nutem
844 643 953 716 altero,
984 666 1055 725 qnos
1077 648 1148 724 voit,

39 722 172 795 obducat,
190 733 324 804 tanquam
345 735 429 804 pater
448 743 623 804 regenerans
643 722 751 802 Spiritu
774 725 848 785 iiiios
870 726 1004 788 duntaxat
1024 750 1102 794 suos.

117 804 232 867 &mm
257 804 373 887 quidem
391 818 454 880 est,
482 824 536 867 noo
559 807 688 867 homines
708 819 808 887 suopte
831 811 966 870 instinctu
991 810 1028 871 ad
1047 812 1149 875 Domi-

46 909 107 951 num
134 892 276 963 conuerti,
307 910 361 950 nec
387 891 586 951 conversionis
612 890 711 951 donum
738 891 868 952 omnibus
895 914 1041 956 conrnune
1068 916 1145 959 esse.

44 966 94 1033 tbi
109 974 181 1033 enin
201 972 360 1033 bocum
380 992 417 1035 ex
438 973 548 1035 duobus
572 975 712 1053 capitibus
734 974 880 1046 foederis,
903 976 976 1055 quod
989 977 1070 1039 Deus
1089 1002 1147 1042 non

44 1058 91 1117 nisi
114 1076 176 1117 eum
197 1058 265 1117 titiis
285 1058 346 1117 suis
367 1069 398 1117 et
421 1057 515 1120 eiecto
536 1058 640 1137 populo
660 1059 798 1117 iacturum
822 1078 856 1118 se
874 1063 1029 1138 promittit:
1055 1075 1085 1122 ut
1106 1064 1149 1125 ie·

10 1212 12 1217 ¹
44 1158 85 1219 μ
103 1159 172 1201 suns
196 1140 227 1201 in
248 1160 348 1201 eorum
368 1140 457 1201 corda
478 1142 626 1202 inscribat.
670 1140 805 1221 Desipiet
830 1143 904 1202 onim
932 1145 1038 1223 siquis
1058 1144 1147 1222 dieat,

10 1222 15 1301 J
44 1224 205 1303 preniiter
235 1223 291 1283 boc
318 1225 448 1284 omnibus
475 1226 619 1305 promittis
650 1224 771 1302 (ierem.
793 1233 852 1297 31,
875 1225 944 1303 33.)
987 1226 1148 1291 Pereutiom

10 1314 93 1389 ζα.
113 1308 184 1388 ipsis
204 1306 326 1379 foedus,
354 1329 410 1368 non
433 1310 517 1387 quaie
539 1309 668 1389 percussi
697 1327 758 1367 euru
807 1308 916 1368 utribus
947 1328 1068 1383 eorum,
1097 1312 1150 1373 sed

10 1404 16 1464 t
45 1388 110 1469 kpeo
132 1410 215 1451 meas
244 1389 379 1451 cordibus
407 1410 504 1452 eorum
535 1392 699 1452 inscribens.
750 1330 807 1451 Ad
829 1392 931 1471 dignos
961 1393 1007 1453 vei
1034 1397 1150 1475 proprio

10 1490 14 1527 t
45 1484 105 1533 nrtn
123 1476 180 1535 rite
200 1487 387 1554 praeparatos
406 1476 602 1554 restringere,
625 1495 680 1535 non
702 1475 793 1534 minus
809 1496 926 1536 crassae
952 1477 1085 1539 inscitiae
1105 1480 1151 1539 io-

46 1564 94 1615 nt:
124 1576 210 1637 quom
234 1554 377 1617 Dominus
415 1577 465 1618 eos
490 1561 662 1637 obloquatur,
693 1557 793 1636 quibus
818 1558 905 1619 eorda
929 1559 1041 1637 lapidea
1071 1563 1150 1642 prius

48 1650 127 1701 eunte
158 1640 394 1720 quemadmodum
413 1661 451 1701 ex
472 1642 564 1703 nitero
577 1642 722 1722 Propheta
743 1641 869 1719 (Ezecb.
885 1651 938 1713 36,
954 1644 1025 1723 26.)
1047 1644 1147 1724 liquet.

48 1718 217 1785 Dnnnem
240 1725 364 1784 omnium
393 1727 599 1786 contumaciam
626 1746 691 1785 esse
724 1724 806 1799 dieo,
837 1746 892 1787 nee
917 1728 1080 1806 cuiusquam
1106 1730 1150 1788 af·
1209 1782 1214 1789 .

49 1804 135 1867 teum
164 1826 233 1867 esse
265 1806 302 1868 ad
326 1808 490 1887 obsequium
517 1809 575 1869 Dei
601 1809 773 1880 flexibilem,
812 1809 902 1871 donec
942 1812 1003 1889 ipso
1038 1811 1152 1873 dederit

53 1888 111 1967 tud
131 1890 220 1951 iubet.
267 1889 330 1950 Cor
351 1894 424 1951 enirn
448 1914 582 1953 vocamur
614 1890 703 1972 (Epir.
715 1903 748 1964 2,
769 1898 833 1967 to.)
865 1914 956 1953 norae
985 1906 1148 1969 creatorae,

52 1972 95 2031 risi
111 1973 171 2052 qnia
187 1973 246 2034 Dei
270 1994 368 2034 somus
396 1976 525 2047 foetura,
552 1978 639 2036 creati
663 1975 699 2036 ad
721 1997 805 2037 omne
827 1998 898 2057 opus
921 1976 1047 2036 nonunt
1089 1980 1150 2040 Db·

53 2074 137 2129 nero,
156 2058 247 2137 qnniis
275 2059 331 2118 ista
352 2068 383 2118 et
405 2079 485 2138 quam
508 2061 601 2139 iniqua
625 2061 739 2138 partitio
764 2063 838 2133 erit,
863 2063 889 2120 si
911 2058 992 2120 Deus
1015 2063 1150 2122 mortales

53 2158 93 2199 nes
110 2138 235 2202 hominos
255 2152 356 2217 creet,
381 2143 436 2201 sibi
461 2145 581 2223 quisquc
604 2141 640 2202 ad
663 2145 797 2202 iustitiam
831 2153 862 2204 et
884 2145 1035 2217 caelestem
1062 2146 1149 2206 ritant

52 2222 232 2285 Dmeatnr‘i
275 2224 351 2284 Nam
377 2224 430 2286 boe
461 2226 544 2286 niodo
568 2225 622 2286 sibi
646 2226 766 2288 baberet
784 2226 865 2286 Deus
889 2227 1013 2287 caducae
1037 2231 1148 2306 gratiae

53 2304 157 2367 boden:
185 2308 263 2388 quod
284 2309 368 2387 longe
390 2312 580 2388 praestantius
598 2320 660 2383 est,
683 2312 711 2369 in
735 2321 840 2371 sortem
867 2316 990 2370 nostram
1018 2310 1145 2374 eederet.

54 2390 135 2469 dieti,
151 2392 363 2453 circumcidere
380 2393 519 2453 hominurn
534 2392 630 2466 cordo,
650 2414 719 2473 opus
732 2394 789 2454 Doi
804 2414 869 2454 esse
883 2396 1024 2473 scripturn
1042 2394 1146 2474 (Deut.

10 2504 15 2553 ¹.
54 2478 95 2545 ³⁰.
108 2480 152 2551 b.)
169 2476 308 2537 affirmat:
332 2496 385 2536 nec
405 2478 486 2536 alteri
504 2480 684 2555 regeneratio
707 2478 855 2537 tribuitur:
883 2477 957 2537 unde
977 2489 1007 2538 et
1027 2481 1146 2557 passim,

10 2592 13 2597 ·
52 2556 109 2635 pat
130 2560 156 2618 in
178 2560 296 2619 bonine
321 2559 356 2618 ad
380 2561 528 2637 imaginent
549 2560 604 2619 Dei
629 2563 811 2619 reformatum
833 2571 895 2633 est,
929 2560 1052 2639 Spiritus
1076 2583 1148 2621 nun·

13 2692 18 2699 .
51 2654 157 2721 cupatur.
205 2645 347 2702 Hortatur
370 2644 479 2721 quiden
502 2664 554 2703 nos
575 2644 693 2703 subinde
708 2642 849 2703 Dominus
872 2643 907 2702 ad
930 2648 1146 2722 poeniteutiam,

11 2754 18 2791 :
52 2724 86 2785 et
106 2729 307 2787 conversionis
326 2739 425 2785 auctor
446 2730 506 2806 ipse
527 2730 676 2786 asseritur.
722 2725 837 2786 Dicitur
865 2727 910 2786 lex
937 2729 999 2785 eius
1028 2748 1148 2790 conver·

51 2814 96 2869 iere
114 2813 242 2883 animas,
273 2824 302 2869 et
326 2810 361 2869 ad
383 2811 476 2870 Verbi
497 2814 640 2870 ministros
666 2821 760 2888 partes
787 2812 859 2868 istae
884 2810 988 2868 alieubi
1022 2814 1146 2871 transie.

14 2905 145 2961 3trntnr:
185 2894 236 2955 sed
266 2896 329 2973 quio
356 2894 420 2953 dum
454 2895 580 2967 arundo,
612 2891 753 2965 serendo,
786 2892 905 2971 rigando
936 2893 1064 2952 laborant
1094 2896 1146 2968 itti,

17 2970 30 2997 ²
50 2978 112 3035 nius
132 2977 191 3038 Dei
215 2989 261 3037 est
282 2981 483 3037 incrementum
507 2978 594 3038 dare:
627 2999 682 3036 non
706 2979 803 3036 mirum
827 2988 890 3047 est,
914 2977 937 3034 si
957 2977 1010 3035 hoe
1033 2978 1073 3036 ilii
1096 2981 1147 3037 tri·

49 3052 139 3134 buitur,
162 3062 238 3142 quod
263 3083 313 3121 cor
332 3064 390 3120 suis
413 3065 542 3140 aperiat,
565 3074 593 3120 ut
616 3063 758 3132 sermoni,
782 3081 863 3140 quen
885 3059 1022 3131 audiunt,
1046 3063 1147 3121 intenti

48 3142 98 3203 r‘st.
148 3146 249 3225 ltaque
272 3148 467 3223 Augustinus,
498 3145 578 3225 (Lib.
603 3157 701 3205 eontra
724 3146 825 3203 Iulian.
851 3150 882 3206 5.
907 3165 971 3222 eap.
990 3146 1037 3219 3.)
1068 3156 1146 3225 post·

48 3242 111 3301 pam
127 3226 162 3289 de
185 3231 290 3289 eiectis
313 3232 454 3301 tractarit,
478 3240 508 3288 et
529 3250 625 3288 eorum
649 3231 766 3288 salutern
789 3231 827 3287 ita
845 3231 872 3287 in
889 3226 964 3287 fideii
979 3228 1034 3287 Dei
1051 3241 1146 3287 eusto-

48 3304 78 3369 ba
98 3312 192 3373 docuit
211 3333 277 3373 esso
301 3315 465 3391 repositam,
490 3324 519 3371 ut
541 3333 623 3372 nemo
646 3324 764 3390 percat:
791 3312 920 3383 (laeteri,
946 3314 1047 3390 inquit,
1071 3332 1147 3372 mor·

47 3395 119 3468 ttss,
152 3399 201 3477 qni
225 3418 269 3479 ex·
294 3401 348 3455 isto
376 3416 493 3455 numero
519 3418 574 3455 non
600 3407 665 3456 suut
696 3407 724 3455 et
752 3407 845 3456 tamen
873 3417 908 3455 ex
931 3395 1031 3454 cadom
1053 3416 1147 3455 masse

46 3482 129 3559 tempti
150 3492 231 3554 suut,
255 3502 321 3540 rasa
345 3481 404 3538 irae
427 3482 493 3538 facti
516 3483 543 3539 in
567 3482 714 3539 utilitatem
738 3491 891 3539 naseuntur
912 3479 1041 3537 istorum.
1079 3479 1146 3537 Non

45 3564 103 3621 tnim
128 3584 289 3646 quenquam
321 3583 417 3622 eorum
437 3562 517 3622 Deos
551 3575 658 3624 temero
680 3577 728 3623 aut
750 3565 864 3622 fortuito
884 3573 978 3621 erent:
1010 3572 1058 3620 aut
1080 3559 1147 3641 quid

46 3640 138 3708 teittts
159 3660 297 3725 operetur
318 3648 403 3718 boni,
430 3649 557 3725 ignorat:
582 3669 665 3727 qurum
687 3660 715 3707 et
733 3649 786 3707 hoc
809 3649 898 3726 ipsum
921 3646 1021 3703 bonum
1045 3663 1147 3723 opere·

46 3736 101 3801 tur,
123 3732 198 3813 qood
225 3736 255 3791 iu
288 3732 342 3790 iltis
369 3732 516 3790 humanam
546 3744 625 3791 creat
651 3743 798 3801 naturam,
830 3741 858 3789 et
889 3728 1017 3786 ordinem
1041 3727 1148 3787 saeculi

45 3820 187 3888 praesentis
225 3826 356 3876 exornat.
415 3815 535 3874 istorum
564 3817 704 3874 nominem
732 3812 847 3873 adducit
877 3811 912 3871 ad
944 3811 1147 3890 poenitentiam

45 3896 221 3973 spirituatem,
253 3919 306 3978 qua
335 3900 417 3956 homo
443 3900 644 3958 reconciliatur
665 3897 739 3957 Deo.
794 3897 930 3970 Quamvis
951 3913 1020 3971 ergo
1043 3914 1078 3953 ex
1099 3912 1148 3951 ea·

45 3976 99 4038 dem
120 4004 208 4045 massa
232 3983 399 4061 perditionis
422 3985 499 4056 nati,
532 3982 684 4042 secundum
708 3979 802 4040 cordis
826 3981 871 4038 sui
892 3978 1023 4037 duritiem
1045 3986 1074 4033 ot
1097 3993 1148 4033 cor

45 4061 236 4142 inpoenitens,
267 4068 459 4125 thesaurisant
487 4067 560 4137 sibi,
592 4077 724 4145 quantum
752 4066 780 4122 in
803 4082 834 4122 se
856 4074 921 4132 est,
952 4079 1051 4117 onnes
1076 4059 1147 4114 iram

48 4144 68 4204 in
92 4149 133 4209 die
157 4155 238 4221 irae,
272 4149 351 4209 Deus
380 4161 473 4210 tumen
503 4152 574 4209 alios
594 4149 659 4208 inde
682 4169 735 4227 per
755 4144 967 4206 misericordiae
993 4142 1148 4199 bonitatem

50 4228 144 4292 tddueit
164 4236 199 4295 ad
222 4236 445 4313 poenitentiam,
473 4235 544 4295 alios
566 4236 639 4292 iusto
661 4232 765 4291 iudicio
787 4252 841 4289 non
865 4228 988 4288 adducit.
1040 4224 1148 4282 Hacte-

52 4328 93 4373 uns
118 4318 173 4380 iiie.
223 4319 264 4378 At
292 4339 329 4379 ne
356 4320 419 4400 quis
441 4319 487 4379 hic
514 4318 627 4381 divinae
654 4317 763 4397 gratiae
790 4326 821 4375 et
848 4323 963 4372 nostrae
991 4305 1149 4367 industriae

871 4410 915 4480 17
