2648 4928
332 290 389 359 De
410 290 576 361 bbiuistris
598 291 783 363 Ecclesiae.
995 290 1072 365 507

99 492 117 533 n
145 490 221 551 opus
245 469 451 547 evangelistae.
503 466 639 548 Episcopi
667 490 756 541 roro,
791 482 858 531 sunt
890 473 1070 551 inspectores
1097 486 1218 545 unuani.

99 560 200 635 teque
224 553 385 624 ecciesiae,
413 552 462 632 qui
488 553 592 612 victum
614 565 646 612 et
665 558 829 614 necessaris
850 557 990 615 ecclesiae
1010 555 1071 616 dis·

99 652 174 701 sant
215 634 386 717 Presbyteri
405 645 471 695 suut
493 638 642 706 seniores,
673 649 705 697 et
732 641 813 717 quasi
834 650 996 712 senatores,
1019 661 1067 720 ps·
1084 661 1234 716 mmm

99 742 157 803 qne
179 720 332 791 ecclcsiae,
352 719 545 798 gubernantes
566 721 655 799 ipsum
676 723 795 780 consilio
808 722 923 782 salubri.
966 723 1071 783 Pasto-
1099 752 1224 800 putores.

108 804 187 867 ovtte
207 802 348 874 Domini,
374 815 405 861 et
424 799 608 873 custodiunt,
629 814 660 861 et
679 806 706 862 ei
729 802 829 885 dost)
851 806 937 865 rebus
959 809 1071 886 prospi-

99 900 120 949 ι1
138 887 326 965 neeessarijs.
371 884 517 947 Doctores
536 887 688 957 crudiunt,
708 898 738 946 et
758 907 854 949 veroin
877 890 958 949 fidem
981 892 1071 969 pieta·
1100 909 1226 955 umores.

99 990 154 1053 qne
170 972 223 1045 η)
244 969 358 1032 docent.
399 969 515 1029 Licebit
533 990 603 1048 ergo
626 990 698 1031 nunc
718 973 904 1033 ecclesiarum
926 975 1071 1034 ministros

99 1074 205 1135 enpare
221 1052 395 1135 Episcopos,
417 1052 623 1133 Presbyteros,
643 1053 782 1115 Pastor-cs
808 1068 892 1135 atque
913 1056 1068 1117 Doctores.

121 1138 317 1219 sequentibus
337 1156 428 1217 porro
458 1137 652 1217 temporibus,
680 1138 766 1198 mutto
793 1140 889 1219 piures
920 1142 950 1201 in
978 1141 1072 1201 eccie-
1080 1145 1183 1192 &dim
1201 1158 1248 1201 s·-

99 1244 110 1283 s
132 1220 193 1283 uei
214 1219 347 1281 inductae
370 1228 436 1280 suut
454 1222 680 1300 nuncupationes
707 1223 899 1283 ninistrororn
930 1225 959 1283 in
979 1225 1073 1284 eccie-
1101 1203 1228 1259 '’lm'‘

99 1307 166 1385 Ι8).
210 1305 270 1365 Atii
299 1306 375 1365 enim
399 1300 523 1364 ordinati
553 1315 620 1364 sunt
645 1303 849 1379 patriarchae,
877 1306 927 1366 abii
948 1306 1073 1367 Arcbie·

99 1392 163 1471 opi,
186 1388 234 1450 eiii
253 1388 449 1466 suffraganei,
471 1388 539 1447 item
558 1386 786 1466 Metropolitani.
801 1390 1071 1470 Arcbipresbyteri,

99 1474 165 1535 noui
186 1492 311 1554 quoque,
333 1469 521 1542 subdiaconi,
538 1471 687 1542 Aeolutbi‚
711 1471 894 1547 Esorcistac,
917 1474 1072 1545 Canum,

101 1568 205 1629 teres,
235 1568 266 1616 et
287 1557 385 1617 nescio
407 1555 542 1633 quintii,
570 1566 602 1613 nt
622 1554 813 1629 Cardinsics,
832 1557 1019 1636 Praepositi,
1041 1569 1075 1618 et

99 1660 173 1713 tres,
196 1638 300 1700 Patres
320 1641 445 1699 ninores
468 1649 498 1698 et
519 1640 654 1710 maiores,
676 1639 795 1701 ordines
817 1643 942 1701 usiones
971 1653 1002 1701 et
1021 1643 1074 1699 rui-

99 1742 150 1785 tss
171 1722 214 1785 At
233 1718 270 1783 de
299 1723 344 1783 bis
369 1722 499 1782 omnibus
519 1723 590 1781 nihii
619 1741 716 1782 sursus
745 1744 798 1784 nos
825 1725 954 1797 soliciti,
975 1724 1074 1805 quales

99 1808 174 1887 1¹⁴)
194 1806 314 1877 inerint,
336 1816 385 1865 aut
406 1824 481 1866 nuuc
501 1806 570 1865 sint.
614 1804 726 1867 Sufficit
751 1808 834 1869 nobis
860 1810 1018 1889 apostolice
1037 1805 1075 1868 de

99 1892 178 1952 istrie
198 1889 337 1951 doctrina.

119 1974 166 2035 tu
189 1994 254 2035 cun
274 1976 397 2033 uenus
409 1982 492 2032 certo
504 1971 665 2033 Monachus
685 1982 715 2033 et
735 1974 935 2035 rnonacbornrn
953 1972 1071 2035 ordines
1093 1987 1133 2034 ue
1149 1997 1236 2033 ness-

101 2068 212 2131 seetas,
234 2076 327 2137 neque
346 2077 364 2115 o
385 2056 516 2128 Christo,
536 2074 629 2134 neque
661 2057 698 2116 ab
718 2058 866 2136 Apostolis
894 2078 962 2120 esse
990 2062 1072 2118 insti·
1131 2045 1192 2091 ω’·

99 2162 129 2217 s,
148 2140 299 2213 doenum,
321 2141 390 2199 nibil
407 2159 457 2200 css
478 2140 621 2199 ecciesiae
643 2139 701 2200 Dei
721 2143 805 2201 utiles
825 2160 905 2211 esse,
927 2143 985 2201 iuro
1006 2162 1073 2222 per-

99 2244 176 2287 osas.
219 2224 348 2285 Tametsi
369 2225 443 2283 enirn
466 2221 606 2302 quondam
627 2226 705 2299 (cum
736 2236 835 2285 esseut
863 2224 1011 2303 sotierij‚
1042 2236 1075 2285 et

99 2308 171 2369 dbns
193 2308 250 2369 sibi
267 2309 373 2367 victum
393 2317 584 2386 quserercnt,
614 2327 669 2367 nec
690 2308 869 2367 uliiscssent
890 2309 991 2377 oncri,
1020 2307 1073 2368 sed

99 2392 203 2453 toribus
220 2391 410 2455 ecelesiarum
429 2392 532 2470 ubique
554 2402 700 2470 parerem,
724 2403 756 2450 ut
777 2390 875 2469 Laici)
903 2392 1011 2451 fuerint
1029 2402 1073 2449 to·

99 2474 193 2547 obiise,
210 2484 306 2537 tenen
329 2494 424 2546 nuuc,
454 2475 553 2552 quoles
576 2475 635 2533 sint
651 2472 745 2546 ridet,
763 2484 793 2533 et
814 2476 901 2534 sentit
923 2478 1073 2534 unis-ersus

99 2560 134 2619 is.
178 2556 352 2620 Paetexuut
372 2559 470 2618 nescio
498 2577 571 2637 quac
591 2570 670 2628 vota,
694 2569 725 2616 et
744 2558 843 2617 vivunt
862 2560 937 2616 votis
956 2559 1016 2616 suis
1032 2558 1074 2615 vi-

122 2662 241 2723 prorsus
267 2644 457 2703 contrariae:
490 2654 520 2701 ut
542 2661 658 2719 prorsus
684 2643 781 2719 optini
803 2660 901 2701 eoruru
924 2643 1072 2701 intereos

99 2726 185 2787 uereri
207 2739 389 2796 mereantur,
412 2725 448 2784 de
471 2726 571 2804 quibus
592 2726 665 2783 dixit
685 2725 841 2803 spostolus,
862 2726 1071 2803 Auernum)
1094 2736 1232 2780 ernesto.

99 2812 178 2872 rdnss
196 2823 342 2871 uersantes
359 2813 435 2869 anter
457 2831 505 2868 roos
524 2812 697 2882 inorditate,
709 2811 785 2869 ru'liil
803 2813 899 2886 operis
908 2805 1070 2885 foetentes,

118 2898 236 2955 cunbse
259 2906 387 2974 ugentes.
444 2897 526 2953 Tales
553 2914 626 2970 ergo
654 2913 707 2951 nos
735 2896 765 2952 r'n
792 2894 902 2951 nostris
930 2894 1071 2967 ecelesrjs,

112 2978 262 3051 debenus,
284 3000 337 3038 nec
356 2981 384 3036 in
406 2978 535 3053 ecclesijs
557 2979 669 3036 Chresti
685 2976 832 3036 habendos
846 2996 908 3035 esse
927 2976 1069 3033 docemus.

122 3060 221 3123 Nesso
249 3074 342 3122 sutem
369 3062 502 3121 bonorem
531 3062 682 3119 ministerii
711 3061 903 3120 ecclesiastici
935 3076 1072 3137 usurpare
1087 3069 1233 3115 t'oesnctsr:

105 3144 166 3217 ,nt
188 3158 235 3207 eu
250 3147 319 3223 ¹⁶),
345 3145 382 3205 aa
409 3164 441 3204 se
472 3145 688 3223 uincuntur,
718 3155 767 3202 sn
786 3145 851 3202 uun
873 3143 1001 3213 sentus,
1023 3154 1072 3200 sn
1094 3127 1233 3230 ffffl,

99 3228 163 3289 itrio
184 3232 323 3309 proprio,
353 3248 455 3306 rupere
482 3228 578 3288 debet.
623 3229 770 3287 b'oceutur
798 3240 828 3286 et
848 3227 992 3303 eligantur
1012 3227 1072 3285 eic-
1138 3242 1191 3287 stri.

99 3332 136 3373 se
155 3314 355 3374 ecclesiastica
373 3325 404 3373 et
425 3314 550 3391 legitima
565 3312 685 3370 ministri
705 3312 866 3371 ecciesiae:
891 3310 920 3368 id
940 3321 997 3377 est,
1022 3310 1075 3367 cbi-

99 3404 145 3456 tnr
166 3398 302 3476 religiose
320 3398 356 3457 nb
376 3398 513 3467 eeclesia,
537 3396 582 3454 vel
595 3393 631 3454 ad
652 3395 705 3454 boc
718 3394 860 3474 deputatis
881 3395 917 3453 sb
939 3395 1074 3462 ecclesis,

99 3480 145 3541 ine
166 3482 261 3551 iusto,
283 3493 312 3540 et
333 3481 439 3558 sbsque
469 3480 569 3549 turbs,
591 3478 800 3550 seditionibus,
829 3490 859 3539 et
878 3479 1072 3537 contentione.

99 3576 198 3639 guntur
218 3578 311 3623 sutem
330 3586 384 3623 nou
406 3564 536 3643 quilibet,
559 3560 611 3621 sed
636 3564 763 3622 homines
783 3563 893 3631 idonei,
913 3559 1075 3619 eruditione

99 3658 120 3705 ts
138 3658 167 3707 et
186 3668 283 3719 sacra,
305 3650 464 3727 eloquentia
487 3649 545 3725 pia,
570 3646 770 3726 prudentiaque
791 3645 931 3724 simplici,
954 3643 1076 3720 denique

99 3726 240 3791 tentione
260 3743 289 3791 ct
312 3733 459 3790 honestate
488 3733 563 3788 sitne
587 3732 725 3805 insignes,
749 3732 826 3787 iusta
848 3746 984 3789 canonem
1007 3747 1074 3802 spo
1127 3764 1132 3771 -

99 3816 195 3887 iieurn,
223 3818 271 3893 qui
297 3816 334 3872 ab
362 3816 488 3893 apostolo
506 3816 666 3873 contexitur
686 3815 714 3870 in
738 3824 767 3873 l.
795 3814 830 3871 ad
851 3814 927 3872 Tiro.
952 3822 983 3871 3.
1007 3829 1071 3885 cap.

99 3897 131 3959 nd
151 3900 212 3961 Tu.
238 3910 267 3961 1.
289 3919 354 3978 esp.
398 3897 437 3957 Et
456 3900 503 3978 qui
531 3898 617 3957 electi
638 3908 720 3968 sunt,
752 3894 919 3955 ordinentur
939 3914 956 3953 s
979 3895 1074 3952 senio·
1096 3898 1227 3944 (tntum

114 4199 161 4265 11)
179 4199 213 4249 ds
236 4199 264 4252 in
287 4188 366 4253 meir.
389 4198 456 4250 Tur.
481 4197 566 4248 deest.
635 4198 681 4261 12)
698 4195 773 4257 fideus
796 4191 978 4261 pietatemque]
995 4205 1075 4239 mser.

99 4281 115 4320 t·
130 4269 261 4335 We·-
295 4269 342 4331 13)
359 4282 437 4318 unser.
454 4265 521 4317 Ter.
539 4263 681 4316 eodm
724 4262 770 4323 14)
786 4266 848 4315 oties
861 4263 937 4313 deest
953 4257 981 4310 in
997 4273 1075 4309 ιικτ.

99 4350 114 4389 ι.
183 4352 293 4403 rm.
312 4337 378 4391 Tus.
394 4336 544 4387 cuffiam
579 4334 622 4399 16)
639 4331 666 4383 id
681 4328 732 4399 est]
749 4346 828 4384 umor.
844 4330 912 4383 Tur.
928 4344 969 4379 re.
