2648 4928
112 214 194 365 ‘tto
437 281 667 373 ommuni·
690 282 916 359 ιωιιιιιιι
1005 296 1012 313 ·

116 474 186 533 ιιίιιι
206 469 269 529 eius
287 476 445 568 tenuntur,
472 468 525 529 see
544 470 643 549 potius
662 469 724 527 eihs
742 467 876 529 ieiunum
897 476 1109 530 unteuertunus
1131 482 1138 547 ι

116 555 228 634 alioqui
245 562 303 613 tum
324 554 469 613 uiuminere
495 550 639 633 nunnus)
668 553 791 628 subguh'c
816 552 1040 612 bebdomadibus
1067 554 1138 612 duem

116 657 197 719 quem
222 646 329 696 ctutum
356 655 418 695 esse
442 636 591 704 conuenit,
622 636 651 692 in
683 654 738 712 quo
761 637 952 713 peculiariter
978 637 1015 695 de
1041 636 1088 696 tis
1103 654 1138 715 pu

115 720 324 791 admonentur,
353 721 467 796 Diuque
485 727 624 796 precetur
643 728 674 777 et
691 719 850 796 supplicet,
877 728 969 798 prout
989 729 1138 800 teupucp

114 805 254 887 Sequitur
273 805 376 902 stoque
387 820 504 882 precum
525 802 566 859 od
584 802 616 859 id
635 810 767 878 aptarum
783 798 929 880 formula.

197 889 232 948 ln
248 886 390 966 principib
411 885 555 943 eoncu'onir
570 884 723 944 adhibetur
743 903 762 943 ιι
782 886 920 945 Ministro
940 887 992 945 illu
1012 884 1138 964 consessu

115 971 246 1043 muts,
272 968 372 1027 dicbus
399 968 554 1026 ltomtbr'cir
575 987 710 1047 usurpari
707 969 833 1039 'solitu,
866 988 940 1047 quoe
959 978 1045 1029 untcu
1060 988 1138 1048 pern

106 1054 183 1137 suit.
226 1055 262 1114 ln
282 1050 350 1148 stne
370 1061 462 1110 autern
484 1052 644 1128 concionis,
671 1060 824 1129 postquam
844 1051 1060 1132 commonefecit
1076 1072 1138 1132 pop

114 1142 217 1205 munt
223 1136 349 1195 nuncin
370 1135 512 1204 homiues,
535 1133 571 1192 ob
591 1137 719 1204 seelera,
743 1153 817 1213 quoe
836 1154 902 1212 per
913 1144 1001 1195 toturn
1023 1135 1123 1194 orbem

114 1230 233 1290 ιιιιιιιι,
262 1227 297 1276 et
310 1227 432 1295 propter
449 1218 622 1298 nequitiam,
646 1217 686 1276 ud
706 1235 790 1295 quem
813 1220 921 1296 possim
941 1237 1037 1278 omnes
1062 1229 1136 1279 sunt

115 1305 202 1373 uoti,
223 1301 477 1360 suurn-urbdictum
498 1319 656 1372 exercere3
680 1309 831 1379 postquam
860 1303 926 1361 u’tem
948 1303 988 1361 ud
1006 1321 1038 1360 rc
1059 1321 1138 1362 cone

115 1389 181 1447 lusu
207 1394 240 1444 et
267 1384 307 1443 ud
332 1386 420 1443 uitare
448 1384 478 1442 in
499 1387 598 1444 melius
617 1383 797 1457 mutandam,
826 1385 914 1444 ιιιιιιιι
930 1404 998 1444 uero
1025 1385 1066 1444 ud
1086 1405 1138 1446 orn

113 1473 204 1531 noun
230 1486 286 1546 pro
308 1467 488 1547 tbrpctruniu
508 1470 606 1547 uentu,
630 1468 762 1529 nortatus
782 1477 855 1540 ιιι,
868 1470 962 1529 utu'tur
981 1488 1016 1529 ca
1036 1488 1138 1547 quaen

113 1563 164 1614 tur
173 1551 326 1632 formula:

196 1631 282 1695 Deus
306 1634 501 1713 omnipotens,
536 1629 625 1692 Pater
650 1590 801 1706 caelestis,
830 1635 1010 1713 agnoscimus
1042 1646 1075 1695 et
1103 1636 1138 1714 inq

113 1717 299 1801 profitemur,
322 1716 397 1796 quod
417 1727 448 1777 et
468 1735 565 1775 vernrn
586 1726 645 1788 est,
677 1714 808 1813 indiguos
827 1735 891 1777 esse
911 1739 964 1778 nos
985 1720 1034 1798 qui
1056 1721 1086 1778 in
1114 1738 1138 1779 ιι

113 1802 213 1862 oculos
242 1792 419 1873 a'ttollamus,
449 1809 482 1857 ut
501 1818 596 1858 eoram
618 1809 647 1858 te
668 1819 720 1858 uos
742 1801 892 1874 sistamus,
915 1821 968 1861 nee
989 1799 1138 1863 tautumd

113 1885 196 1947 nobis
217 1903 371 1962 arrogare,
394 1894 427 1943 nt
442 1881 639 1943 enudituma
660 1893 689 1942 te
710 1884 746 1943 iri
764 1904 864 1964 preces
884 1896 996 1946 nostras
1016 1904 1138 1965 epercmu

71 2026 74 2031 .
114 1988 231 2041 eornm,
263 1985 335 2047 qnae
362 1966 414 2025 tibi
441 1965 602 2039 afferimus,
630 1967 768 2025 rationem
795 1968 911 2028 babens.
955 1968 985 2028 A
1004 1970 1129 2049 propriis

13 2048 21 2063 ⁸
113 2064 281 2113 accusemur
293 2050 485 2123 conscientiis,
505 2059 657 2129 nostraque
670 2060 787 2129 peccata
802 2050 949 2111 aduersum
966 2073 1019 2112 nos
1031 2054 1138 2113 testimo

114 2136 284 2209 ierunt3te
312 2154 381 2194 vero
409 2135 512 2193 iustum
533 2152 597 2193 esse
618 2132 739 2193 iudicem
761 2136 907 2207 novimus,
939 2137 988 2215 qui
1007 2147 1138 2216 ιιιιιιιι

114 2238 234 2301 nequam
255 2218 383 2278 homines
405 2237 461 2277 non
482 2217 636 2288 iustihcen,
666 2215 751 2277 sed
742 2238 771 2276 ιι
792 2238 843 2278 eos
863 2218 1071 2280 animadvertes
1099 2236 1138 2301 qn

113 2301 246 2364 mandute
271 2302 449 2362 violaverint
498 2300 576 2360 Hinc
608 2301 657 2372 lit,
689 2300 829 2389 Domine,
858 2313 908 2375 ut,
938 2301 1004 2362 dum
1033 2304 1123 2362 totius

112 2397 227 2448 neenec
247 2395 350 2444 statum
372 2394 549 2465 reputamus,
571 2385 660 2443 nostri
682 2382 792 2444 nosmet
812 2384 935 2485 pudent,
965 2404 1018 2446 nce
1039 2384 1119 2446 aliud

112 2471 235 2530 animum
256 2466 433 2548 despondere
452 2468 601 2546 possimus,
624 2467 741 2547 perinde
762 2471 822 2527 acsi
842 2470 897 2528 iam
919 2472 948 2528 in
970 2469 1102 2550 abyssum
1125 2490 1138 2529 n

111 2552 351 2631 demergercmur.
381 2551 637 2624 -Verumtamen,
669 2551 810 2625 Domine,
839 2574 923 2632 quum
947 2574 997 2632 pro
1018 2564 1067 2611 tua
1088 2555 1138 2612 imi

111 2635 307 2696 misericordia
328 2634 459 2712 dignatus
482 2635 520 2693 sis
543 2636 623 2693 nobis
644 2637 801 2711 imperare,
825 2649 857 2694 ut
879 2648 906 2694 te
928 2638 1109 2708 invocemus,

111 2721 215 2780 velex
237 2721 341 2777 intimis
362 2720 476 2791 inleris3
507 2728 537 2776 et
560 2737 615 2796 quo
638 2718 726 2793 magis
748 2719 853 2776 viribus
874 2717 987 2776 destitui
1009 2740 1062 2779 nos
1082 2718 1138 2779 vido

112 2815 192 2863 tanto
214 2803 304 2879 magis
325 2799 361 2860 ad
384 2813 459 2860 tuam
482 2821 616 2859 summam
633 2799 785 2858 bonitatem
802 2803 1013 2879 corsiugiuuuus3
1038 2823 1124 2882 quum

112 2899 192 2947 terea
214 2887 355 2966 pollicitus
383 2885 421 2943 sis
444 2884 524 2943 nobis
546 2895 573 2943 te
594 2884 724 2963 precibus
748 2887 851 2944 nostris
879 2887 941 2945 lore
969 2887 1138 2945 exorabilem

113 2972 226 3030 nomine
254 2969 371 3028 Domini
400 2969 490 3026 nostri
518 2967 583 3025 lesu
619 2966 725 3026 Christi
756 2976 849 3046 (quem
879 2971 959 3027 nobis
991 2969 1138 3029 advocatus

111 3056 326 3114 intercessorem
333 3049 533 3148 constituisti)
557 3052 673 3147 eiusque
693 3053 812 3123 merito,
842 3072 897 3111 non
926 3065 1018 3111 autom
1048 3065 1138 3133 specta

111 3135 180 3216 quid
202 3137 295 3193 meriti
316 3135 420 3191 simus:
443 3152 523 3203 ecce,
546 3135 621 3191 ouini
644 3135 780 3193 humanae
803 3097 921 3195 induciae
938 3139 1138 3196 renunciantes

112 3239 167 3299 que
188 3219 249 3279 solu
270 3217 395 3276 bonitate
414 3217 522 3287 freti,
514 3237 543 3274 ιι
568 3228 748 3295 couispectuus
771 3229 848 3277 tuum
866 3219 979 3299 prodire
1000 3233 1136 3299 tuumque

110 3314 186 3362 etum
201 3321 301 3359 nomeu
316 3298 350 3358 ad
370 3299 549 3358 obtinendam
571 3299 822 3359 miscricordiam'
815 3323 947 3365 inuocare
969 3325 1024 3362 uon
1048 3304 1138 3363 dubita

193 3384 320 3444 Primum
340 3382 483 3455 Domine,
508 3385 687 3462 praeteritus
692 3386 749 3442 uita
771 3385 926 3459 lucanicis
958 3408 1029 3466 quae
1056 3388 1138 3447 assidu

111 3467 236 3548 reliquos
263 3486 390 3546 quosque
417 3427 544 3525 honiines
573 3479 710 3564 quotquot
739 3480 815 3527 terra
835 3473 954 3529 sustinet
976 3472 1138 3551 confers,

110 3552 221 3611 liariter
241 3555 325 3611 etiam
349 3551 429 3609 uobis
450 3561 493 3608 tot
513 3552 622 3628 gratiae
645 3562 709 3610 tuae
733 3550 807 3610 doun
836 3555 1029 3632 impertitisti,
1058 3566 1090 3615 ut
1117 3574 1138 3615 ι

111 3655 228 3695 censere
256 3654 446 3714 nequeamus,
479 3637 534 3692 imo
562 3654 629 3692 iero
655 3653 691 3692 ne
722 3647 814 3694 moute
844 3637 955 3734 quidem
978 3640 1046 3696 satis
1070 3658 1133 3696 eom

110 3721 260 3800 possimus.
304 3720 370 3777 lloo
391 3737 459 3777 vero
479 3718 633 3796 singulare,
657 3716 731 3796 quod
753 3718 788 3776 ad
812 3723 936 3778 notitiam
960 3722 1050 3779 saneti
1072 3721 1138 3780 tuil

110 3804 178 3882 getii
205 3822 308 3862 vocare
335 3822 386 3859 uos
416 3802 547 3880 diguatus
574 3803 633 3871 sis,
665 3802 824 3861 miserabile
851 3825 905 3882 quo
934 3825 984 3862 nos
1005 3803 1136 3864 diabolus

110 3885 205 3947 ruebat
224 3888 367 3945 seruitutis
388 3887 482 3962 iugum
505 3886 670 3955 excutiens,
700 3896 729 3943 et
751 3886 786 3944 ab
808 3887 966 3947 execranda
989 3887 1138 3947 idololatris

110 3971 210 4050 nisque
231 3970 495 4048 superstitionibus,
526 3969 657 4048 quihus
650 3971 773 4026 immersi
794 3988 924 4042 eramus,
956 3971 1090 4030 liberatos
1118 3993 1134 4030 a

109 4073 174 4113 men
204 4055 331 4113 ueritatis
360 4063 424 4111 tuae
452 4051 615 4110 adduxeris.
667 4051 859 4112 Nihilominus
888 4066 980 4112 tamen
1012 4062 1096 4134 (quae
1124 4078 1138 4114 u

109 4149 154 4198 est
174 4135 357 4214 ingratitudo)
380 4135 461 4193 obliti
481 4136 630 4204 bonorum,
651 4155 723 4213 quae
746 4156 843 4194 maurus
866 4149 911 4195 tun
936 4140 1015 4197 nobis
1038 4140 1138 4216 largita

109 4241 126 4280 ιι
149 4233 228 4281 rectu
250 4222 294 4279 via
315 4218 527 4287 declinavimus,
551 4230 579 4277 et
602 4230 630 4277 te
652 4219 752 4277 relicto
774 4223 867 4280 caruis
889 4233 1002 4281 nostrae
1015 4243 1137 4301 concupi

108 4306 162 4366 tias
184 4306 294 4386 sequuti
315 4323 421 4364 sumus.
466 4302 542 4377 Quin
565 4303 650 4362 etiam
671 4314 798 4364 sanetum
820 4316 896 4365 tuum
919 4306 1033 4369 uerbum
1057 4306 1138 4368 debit
