2648 4928
308 254 750 394 'eo-mesopontus
872 322 923 421 ,'
1043 302 1121 387 033

101 479 201 566 pendo
222 478 332 545 credite
356 483 459 563 primo,
482 479 556 560 quod
584 483 784 545 remissionem
805 493 1000 573 peccetomm,
1020 507 1121 553 reeen-

101 588 181 629 encm
201 586 264 629 cem
281 565 365 639 Dee,
396 566 622 627 iustificatioeem
646 577 677 627 et
703 567 955 631 sanctificationem
976 591 1031 632 eoo
1052 593 1122 636 eoe-

101 672 180 724 mur,
204 653 259 711 uisi
286 661 392 710 tentem
413 667 449 710 ex
470 651 561 727 gratia
584 647 655 722 Dei,
677 651 767 728 gratis
787 663 905 732 propter
925 654 1013 716 solum
1036 655 1122 719 ceri·
1199 712 1204 719 .

106 738 213 808 lesum,
236 745 267 795 ct
288 731 442 814 perfidem
462 734 491 792 ie
513 735 620 813 ipsum:
647 732 800 806 Secundo,
823 739 949 815 quemvis
994 758 1028 800 er
1055 741 1121 822 Spi-

115 829 243 879 seectem
265 827 451 896 regeneratus
473 817 532 888 sit,
561 814 635 895 qeod
656 827 749 878 temen
777 819 806 878 ie
825 819 882 881 hoc
904 759 1007 882 meede
1029 824 1120 903 legem

101 905 215 964 terfecte
237 901 354 980 impiere
372 919 490 980 prorsus
517 911 655 978 nequeat,
684 900 782 962 sedin
805 904 867 983 ipso
887 905 927 963 sit
946 916 976 965 et
996 920 1119 982 meeeet,

102 1006 203 1066 magna
231 985 409 1065 imperfectio
440 994 471 1044 et
497 983 675 1045 imbeciiiitee
703 986 731 1044 iu
761 983 818 1045 dide
846 997 877 1047 et
902 990 1031 1049 omnibus
1057 990 1121 1052 eiiie

120 1068 266 1150 operibus,
296 1079 354 1128 tem
388 1068 474 1128 ctiam
509 1068 612 1127 multoe
640 1071 883 1148 transgressiones
915 1081 945 1132 ct
971 1074 1122 1137 interiores

100 1173 114 1214 e
135 1154 334 1213 inclinationes
356 1162 386 1212 ct
404 1149 589 1231 cupiditates,
623 1152 725 1231 quibus
752 1171 806 1231 per
826 1155 963 1234 Spiritum
993 1168 1120 1219 seectem

103 1256 134 1297 se
155 1238 282 1309 resistit,
316 1247 345 1296 ct
375 1256 427 1314 pro
453 1236 623 1295 remissione
650 1234 787 1295 eiusmodi
818 1235 979 1298 defectuum
1001 1251 1030 1300 et
1051 1240 1122 1303 deii·

101 1342 118 1380 e
142 1340 255 1381 suorum
279 1316 477 1379 indesinenter
503 1329 583 1377 eruta
612 1318 733 1391 Tertio,
764 1319 875 1398 quando
903 1321 1015 1396 credit,
1044 1325 1122 1405 quod

100 1406 195 1464 retiam
211 1403 268 1463 Dei
283 1415 312 1463 et
327 1400 431 1463 dehent
445 1412 476 1461 ct
489 1403 582 1482 possit
594 1401 730 1462 inchoare
742 1422 841 1463 novem
856 1406 953 1478 eitam,
968 1408 1121 1468 secuudum

100 1497 161 1567 epte
197 1485 312 1558 divine,
344 1496 374 1546 et
404 1485 478 1566 qeod
509 1487 570 1566 ipse
607 1487 753 1565 omnisque
788 1507 840 1546 sue
874 1488 1022 1563 inchoate,
1056 1492 1123 1551 iicct

101 1573 189 1643 fecta,
212 1569 375 1630 obedientia
397 1583 425 1630 ct
445 1569 521 1629 bone
542 1587 630 1648 opere
646 1567 712 1630 Deo
731 1570 871 1648 placeant,
895 1582 1013 1652 propter
1032 1575 1121 1635 selem

100 1666 153 1715 tem
174 1653 336 1725 Dominum,
358 1650 590 1734 quemadmodum
613 1664 728 1713 euectus
744 1652 848 1714 Petrus
870 1652 938 1714 dicit
957 1654 990 1715 S.
1008 1653 1120 1718 Canon.

136 1737 245 1798 Offerte
264 1737 383 1797 hostiam
404 1738 580 1818 spiriteeiem
595 1733 661 1796 Deo
682 1737 843 1817 placentem
862 1756 915 1816 per
924 1738 1017 1799 lesum
1035 1738 1123 1802 Chri·

136 1821 176 1881 Et
193 1833 344 1901 propterea
364 1823 447 1881 etiem
470 1840 533 1881 cem
552 1819 699 1879 alacritate
720 1839 755 1879 ec
778 1821 842 1881 siue
864 1822 1012 1883 coactione
1026 1825 1124 1885 veien-

113 1905 172 1967 Dci
194 1907 323 1985 perficit,
355 1902 486 1966 iaciendo
514 1902 588 1963 hena
611 1922 700 1983 opere
723 1914 842 1984 propter
861 1901 1042 1967 dilectionem
1063 1906 1123 1968 Dei
1180 1892 1187 1903 ’

100 2001 183 2050 ictam
206 1991 269 2048 eius
291 1988 477 2059 veluntatem,
502 1984 538 2046 ed
556 1984 755 2048 declarandum
777 2006 857 2048 suum
879 2007 950 2068 erge
968 1987 1123 2051 Dominum

99 2074 174 2133 eium
201 2084 230 2132 ct
252 2070 427 2130 charitatem
456 2087 535 2128 seam
566 2088 635 2147 erga
658 2071 830 2149 proximent,
862 2080 894 2129 ut
913 2083 944 2131 et
964 2071 1000 2130 ed
1021 2074 1122 2132 testifi-

100 2178 126 2217 m
157 2176 252 2217 coram
279 2152 439 2214 homiuibus
467 2151 571 2212 eonem
601 2153 804 2212 censcientiam
837 2161 869 2210 et
901 2172 996 2214 verum
1025 2154 1121 2227 fidem,

100 2235 293 2301 tantummodo
317 2256 370 2317 per
390 2235 465 2295 boue
495 2251 583 2313 opera
611 2235 805 2311 cognoscitur.
849 2231 947 2314 Atque
968 2237 1008 2297 ite
1027 2236 1122 2299 credi·

99 2335 120 2384 e
145 2323 322 2394 eonfitemur,
345 2317 420 2400 quod
447 2316 522 2379 boue
543 2335 630 2396 opere
650 2336 668 2376 a
686 2314 752 2376 Deo
774 2327 926 2397 praecepte
954 2318 1050 2379 iacere
1073 2319 1123 2382 de·

99 2429 123 2470 ts
152 2417 181 2469 ct
201 2418 360 2468 teneamur.
403 2401 502 2463 Primo
523 2410 642 2480 propter
662 2409 786 2459 nestrum
808 2400 838 2458 ie
860 2398 1036 2463 ceelste
1055 2402 1123 2464 red·

99 2510 200 2564 neem,
234 2489 467 2550 iustificatioeem
510 2493 540 2545 et
582 2484 844 2546 sanctificationem.
902 2483 977 2544 Nem
1015 2487 1063 2566 qui
1092 2488 1123 2548 ie

99 2589 123 2635 to
146 2584 191 2634 cst
214 2574 398 2644 iustificatos,
427 2580 457 2632 ct
478 2570 579 2649 spirite
601 2579 699 2629 eructo
722 2579 839 2628 reeetus
860 2587 895 2628 ee
916 2569 1121 2643 sanctificatus,

99 2681 110 2719 ι
142 2668 235 2737 potest
265 2659 318 2716 nisi
347 2655 420 2715 leone
446 2673 534 2733 opere
566 2653 681 2724 iacere,
708 2654 774 2732 quie
799 2648 865 2712 ideo
893 2670 965 2712 uera
991 2664 1123 2715 creatura

99 2744 184 2803 uriste
211 2741 275 2801 iesu
301 2751 364 2812 cst,
387 2749 417 2798 et
447 2737 520 2798 boue
540 2755 628 2816 opera
649 2736 752 2808 faciat,
774 2733 920 2816 Ephesios
939 2746 972 2798 2.
994 2739 1056 2816 puri
1076 2757 1123 2797 ra·

117 2822 348 2905 quemadmodem
373 2834 402 2882 ct
422 2822 464 2880 soi
486 2841 540 2879 noe
562 2830 723 2898 potcstnoe
748 2819 857 2891 iecere,
881 2838 943 2878 cum
966 2819 1065 2879 aDeo
1086 2819 1123 2879 ed

120 2905 250 2967 conditus
273 2917 304 2964 ut
324 2909 427 2965 luccat.
473 2904 598 2983 Ideoque
628 2902 675 2962 ubi
695 2905 724 2962 in
747 2903 912 2962 Christiano
934 2901 1123 2981 deprehendi·

104 3003 132 3051 ta
156 2990 341 3067 impoenitens
360 2999 389 3047 et
407 2987 480 3048 male
501 3006 599 3066 opera,
623 2984 661 3045 iti
684 2997 765 3047 certc
786 3005 857 3066 opus
876 2985 934 3045 Dei
954 2983 1121 3060 destruitur,

98 3080 121 3135 is
146 3073 219 3132 filies
240 3070 298 3132 Dci
318 3092 352 3131 ac
372 3069 522 3131 salvandus
544 3068 682 3149 appelleri
702 3069 817 3131 minime
839 3079 942 3149 petest.

98 3155 236 3229 secundo,
261 3167 377 3236 propter
397 3154 522 3215 diuinum
544 3150 704 3214 mandatum
724 3150 887 3215 etdebitam
906 3161 1031 3214 nostram
1053 3151 1123 3213 obc-

98 3264 153 3312 em,
177 3239 329 3300 secuudum
352 3237 557 3299 ordinationem
578 3236 635 3297 Dei
662 3255 743 3317 quam
769 3234 877 3297 iudicat
894 3235 935 3299 D.
958 3234 1065 3297 Peeles
1087 3234 1123 3295 ed

99 3345 153 3386 nos
176 3332 206 3385 8.
232 3326 318 3403 capit.
343 3322 459 3383 diocese
482 3321 640 3383 Debitorcs
660 3339 757 3381 semus
776 3339 833 3381 nou
855 3321 947 3394 cerui,
967 3329 1000 3379 et
1018 3337 1121 3379 secun·

98 3428 212 3470 eerecm
240 3410 379 3468 vivamus.
427 3405 469 3467 Et
499 3406 591 3465 Filius
622 3401 680 3463 Dei
709 3405 738 3466 in
766 3400 925 3482 Evangelio
952 3400 994 3464 Ι).
1018 3401 1119 3464 iehan.

101 3495 232 3572 oquinto,
254 3494 363 3572 inquit:
394 3492 458 3551 Hoc
487 3490 633 3572 praecipio
655 3486 753 3559 vohis,
776 3496 807 3547 ut
827 3486 954 3565 diligatis
976 3505 1028 3546 vos
1049 3486 1122 3544 ieri·

127 3576 256 3648 Quititeu
283 3577 370 3653 igitur
395 3572 538 3647 credens,
558 3592 622 3632 cem
643 3591 680 3631 cx
700 3569 766 3631 Deo
784 3569 840 3643 sit,
864 3567 995 3630 mandatu
1016 3568 1120 3647 diligit,

97 3660 158 3720 iulo
180 3661 323 3731 observat,
346 3670 500 3738 contraque
521 3677 555 3718 ea
578 3657 675 3717 facere
703 3665 735 3716 ct
762 3655 857 3715 sciens
883 3655 981 3713 voleus
999 3672 1120 3733 peccare

109 3744 224 3805 raeone
247 3754 358 3824 potest,
388 3739 621 3826 quemadmodem
647 3736 688 3798 Ι).
720 3737 822 3800 lohae.
852 3734 940 3799 deest
958 3738 987 3797 ie
1007 3735 1119 3795 Cenon.

97 3911 194 3974 i'ertio
213 3920 329 3988 propter
349 3909 432 3972 fidem
462 3919 493 3969 ct
520 3906 622 3968 bonnm
644 3914 828 3984 pacatamque
851 3923 947 3966 eoram
968 3900 1034 3960 Deo
1054 3919 1121 3958 con·

97 3999 158 4056 iem
190 3992 375 4053 retinendam.
428 3993 501 4055 Nam
536 3989 746 4051 intermissione
780 3988 917 4049 bonorem
946 4003 1062 4063 operum
1093 3994 1123 4041 ct

101 4079 211 4139 issioec
234 4087 411 4155 peccatorem
434 4088 531 4137 contre
551 4073 751 4133 conscientiam
773 4072 897 4151 Spiritus
920 4077 1033 4127 sanctes
1054 4086 1122 4124 coe·

97 4179 141 4223 ter
160 4170 189 4220 et
210 4162 363 4234 excetiter,
382 4172 413 4221 ct
430 4160 484 4220 hoc
506 4157 589 4218 medo
604 4156 675 4218 iides
695 4175 759 4215 cum
785 4175 852 4216 sera
867 4153 924 4212 Dei
944 4151 1122 4210 invocatione

100 4262 159 4309 tur.
211 4245 335 4304 Omnino
363 4248 439 4306 seim
465 4242 639 4325 impossibiie
665 4249 730 4312 eet,
759 4250 788 4298 ut
815 4239 890 4298 iusto
917 4246 948 4294 et
973 4234 1122 4310 tranqeiiio

96 4357 102 4388 t
122 4329 221 4393 Deum
234 4327 405 4393 fiducialiter
422 4339 454 4390 et
472 4324 649 4390 momente
667 4324 803 4386 iniecere
820 4320 943 4402 possiet,
962 4318 1012 4397 qui
1032 4313 1124 4377 iudet·
