2648 4928
257 356 263 367 ,
345 291 585 387 Paragrephus
609 288 654 362 (le
678 287 820 389 Unione.
1070 290 1148 397 847

121 474 195 537 Cam
223 493 279 534 non
304 473 387 553 pauci
411 469 447 532 tle
468 470 616 533 Fratribus
639 468 780 545 Unitatis‚
801 490 871 552 quos
893 471 933 533 ita
953 480 1074 550 rossel,
1096 475 1148 541 eln-

99 572 143 634 nt‚
166 579 231 618 num
256 557 321 616 huie
343 556 524 617 confessioni
545 553 696 615 lllnstrium
718 554 855 616 Ordinem
874 555 970 636 Regni
990 558 1148 625 Bohenlao

118 656 235 721 utraque
256 640 518 700 communicantium
549 657 618 698 vere
644 635 748 697 addicti
771 640 845 698 sinte
876 652 907 700 et
927 662 995 703 vero
1016 643 1069 724 ipsi
1091 667 1148 708 non

99 749 132 786 lm
157 746 225 786 eum
243 721 397 803 praedietis
414 720 569 782 Ordinibus
592 720 643 782 sub
673 740 708 780 ea
728 741 793 782 sese
814 722 956 783 univerint
981 736 1010 785 et
1030 729 1148 789 eonion-

99 815 149 882 int,
173 807 225 868 scal
247 817 276 866 et
298 806 409 885 publica
422 805 605 866 Praelatione
626 804 701 864 illam
715 806 886 867 ornarintet
906 804 1144 873 commendarint:

99 894 189 954 nentia
217 891 332 950 maioris
366 888 432 951 fidei
460 906 564 963 causa,
597 887 627 947 in
659 875 782 968 gratiam
799 889 841 972 pii
862 899 893 951 et
913 887 1071 958 Christiani
1090 895 1148 958 Le·

99 979 141 1055 is,
163 971 275 1036 adiecta
294 983 370 1033 sont.

193 1273 625 1353 PARAGRAPHUS
660 1264 738 1351 DE
770 1275 996 1356 UNIONE

99 1434 164 1494 rinm
190 1433 272 1492 trium
300 1431 439 1492 Ordinem
466 1430 561 1510 Regni
589 1430 763 1508 Bohemine,
796 1451 898 1515 eorpus
928 1446 958 1495 ct
983 1436 1147 1516 sangninem

98 1517 159 1577 nini
177 1518 266 1576 nostri
291 1517 356 1576 lesu
378 1516 487 1576 Chris'ti
510 1515 561 1574 snb
589 1526 708 1596 utraque
735 1517 832 1597 specie
856 1518 1073 1598 accipientiam,
1095 1523 1150 1581 sol

99 1601 196 1661 emissa
223 1601 403 1660 confessione
431 1601 524 1670 iacta,
567 1617 603 1658 ex
629 1599 757 1659 articulis
786 1602 987 1663 sanctionis
1025 1605 1148 1678 illoram,

99 1705 126 1746 ro
148 1691 241 1750 15119.
266 1683 312 1743 alie
333 1683 499 1743 chccslai
519 1684 699 1762 conscriptis,
729 1694 760 1743 ct
781 1702 856 1744 novo
876 1680 1049 1747 Consistoril
1077 1687 1151 1751 Pra-

244 1768 340 1848 gensis
359 1767 448 1840 Albo,
471 1767 521 1826 lol.
544 1755 596 1829 39‘.
619 1766 747 1842 insertis,
768 1764 945 1849 desumptas.

122 1904 205 1966 llaec
225 1915 318 1965 autem
338 1915 436 1965 nostra
456 1902 618 1965 Christiana
639 1903 718 1978 nnio,
745 1905 913 1985 compositio
933 1915 963 1968 ot
983 1911 1149 1985 mesello,
1256 1929 1260 1939 ·

99 2007 124 2049 rs
145 1991 173 2049 in
201 1986 351 2067 diplomate
375 1987 537 2049 Caesareae
557 1987 705 2048 Maiestati
722 1990 851 2068 superios
872 1991 1015 2052 nominato
1038 1997 1151 2072 saepis-

99 2089 116 2131 a
136 2072 167 2131 fit
187 2073 310 2141 mentio,
334 2070 491 2140 recteest,
515 2068 746 2147 quemadmodum
768 2091 867 2133 omnes
887 2084 1002 2146 norant,
1026 2086 1056 2136 et
1075 2076 1151 2137 Cae·
1207 2100 1214 2109 ·

99 2172 128 2216 aa
148 2157 230 2215 etiam
250 2152 403 2222 Maiestas,
420 2151 572 2211 humilimis
590 2152 703 2231 scriptis
720 2155 827 2213 nostris
842 2151 942 2215 edocta
956 2165 1013 2229 est,
1035 2176 1073 2219 ex
1095 2180 1151 2219 nna

99 2247 124 2299 'e
146 2240 221 2297 inter
243 2257 294 2297 nos
306 2234 404 2294 Status
424 2235 477 2294 snb
494 2245 611 2312 utraque
627 2235 835 2295 confessionem
849 2235 1044 2313 Bononiam,
1067 2259 1150 2320 quam
1184 2298 1186 2302 ,

99 2334 236 2395 :estonam
256 2318 367 2400 quidem
389 2329 502 2390 vocant,
525 2317 737 2396 amplectentes,
761 2336 799 2379 ex
818 2318 909 2378 altere
926 2340 1009 2394 vero,
1031 2322 1151 2385 dilectos

99 2425 156 2466 :ros
178 2404 317 2464 Dominos
339 2413 369 2463 et
391 2404 509 2472 amicos,
531 2401 577 2480 qui
603 2418 639 2459 ex
663 2398 782 2461 Unitate
802 2399 935 2462 Fratrum
958 2406 1149 2481 nominantur,

115 2486 234 2548 candem
257 2496 384 2547 sanctam
404 2497 435 2546 et
455 2483 646 2544 Christianam
664 2482 750 2544 lidem
770 2484 991 2547 inconfessione
1014 2487 1061 2549 illa
1074 2510 1151 2550 eom·

99 2591 227 2644 sensnm,
251 2573 325 2631 sicot
345 2581 373 2630 ot
394 2580 592 2630 antecessores
610 2569 752 2650 ipsorum,
776 2567 922 2631 noliacum
940 2571 1064 2651 professi
1085 2585 1151 2636 sunt

99 2656 178 2715 dhuc
197 2656 373 2734 profitentur.

127 2738 252 2817 ldeoqne
273 2759 328 2797 non
349 2749 456 2797 tantum
489 2734 628 2814 praelatio
656 2753 706 2796 seu
735 2735 918 2815 snpplicatio,
945 2757 1028 2818 qnam
1051 2737 1150 2803 Status

99 2843 127 2881 ..ο
148 2822 244 2897 Regni
264 2821 314 2879 snb
338 2833 455 2898 utraque
478 2818 822 2881 Ann01575.lllustrls
849 2832 880 2881 et
907 2832 1023 2901 sanctae
1046 2843 1152 2883 memo·

110 2949 123 2976 ‚
156 2903 276 2962 Caesari
296 2903 510 2972 llaximiliano,
536 2921 591 2960 una
614 2921 676 2961 enm
706 2902 759 2962 hae
787 2922 839 2963 sna
864 2905 1047 2966 confessione
1071 2906 1154 2975 oleta,

99 2996 150 3056 ant,
174 2995 203 3044 et
223 2986 342 3064 publicis
366 2987 440 3065 typis
464 2982 586 3043 describi
604 2997 739 3045 curarunt
760 2984 809 3066 (ad
829 3007 925 3066 quam,
956 2999 987 3048 at
1006 2999 1037 3048 et
1059 2999 1152 3050 trans-

99 3089 185 3128 :nem
209 3070 237 3127 in
262 3067 361 3127 cadem
380 3067 611 3146 comprehensam
633 3087 719 3147 supra
739 3065 843 3129 dietum
865 3090 974 3151 qnoque
990 3071 1152 3133 Caesareae

99 3153 209 3214 estatis
232 3151 353 3231 diploma
376 3152 537 3212 nominatim
559 3152 688 3230 respicit)
710 3150 867 3211 clarissime
889 3152 1024 3229 ostendit,
1046 3166 1074 3215 et
1094 3167 1152 3215 sta·

117 3258 152 3297 co
174 3248 311 3315 tempore,
334 3237 419 3295 Anno
440 3236 571 3297 nimirum
595 3239 687 3298 1575.
709 3235 938 3314 compositionem
966 3249 996 3297 ct
1022 3240 1153 3301 unionem

99 3339 128 3380 ιι
152 3321 227 3379 inter
248 3339 299 3378 nos
319 3320 467 3399 coepisse:
493 3315 545 3378 nel
564 3331 713 3397 praeterea
741 3322 843 3391 etiam,
874 3321 1046 3383 unanimiter
1069 3343 1152 3402 prae·

99 3422 151 3464 um
172 3401 293 3481 diploma
312 3422 329 3461 a
351 3401 496 3462 Caesarea
516 3401 669 3463 Maiestate
691 3412 843 3481 petentes,
876 3422 928 3462 nos
954 3424 1017 3465 cum
1045 3405 1102 3465 illis
1122 3419 1153 3468 et

123 3487 282 3557 nobiscum,
304 3497 382 3545 certa
405 3487 508 3545 unione
528 3489 693 3558 constituta,
721 3487 750 3545 in
778 3485 832 3545 laoc
852 3499 1056 3560 convenerant,
1078 3489 1153 3568 qnotl

99 3580 196 3629 taneta
218 3580 246 3629 ct
269 3569 429 3629 Christiana
450 3569 527 3644 lide,
556 3569 709 3630 seeundum
732 3567 948 3630 consessionem
970 3571 1057 3644 illam,
1080 3593 1153 3652 queo

99 3671 134 3713 ιο
159 3658 250 3717 1575.
275 3655 438 3732 praeclarae
460 3664 489 3713 et
512 3653 612 3714 beatae
637 3651 860 3722 reeordationis,
884 3650 1002 3714 Caesari
1018 3655 1153 3714 Maximi-

99 3756 134 3808 ο,
158 3748 188 3797 et
213 3757 287 3797 nnnc
310 3739 393 3797 ctiam
417 3739 559 3816 praesenti
577 3736 738 3796 Caesareae
757 3735 903 3797 Maiestatl
927 3758 945 3797 a
965 3737 1046 3798 nobis
1067 3738 1152 3797 Ordi-

99 3837 130 3880 as
155 3820 248 3879 oblata
270 3822 333 3891 luit,
357 3822 489 3880 unitatem
511 3821 618 3891 colere,
645 3831 674 3880 et
694 3839 811 3880 servare
832 3822 961 3881 velimus.

130 3902 225 3982 Atque
249 3904 301 3962 hoc
322 3903 484 3964 Caesareae
503 3903 650 3962 Maiestati
676 3903 704 3961 in
734 3902 884 3964 humilimis
912 3903 1016 3962 nostris
1039 3904 1152 3982 scriptis

102 3988 254 4065 responsis
276 3987 366 4065 palam
399 4007 508 4067 qnoque
529 3987 766 4064 signifieavlmns3
789 3998 920 4066 qnantum
948 3984 1013 4047 illos
1033 4006 1152 4046 eoncor-

99 4110 107 4133 .
132 4069 269 4149 siquidem
291 4091 375 4130 noum
398 4073 473 4130 innta
496 4072 703 4130 confessionem
733 4071 809 4128 illam
829 4071 974 4130 nobiscnm
994 4070 1063 4140 sint,
1086 4071 1152 4130 ideo

99 4155 218 4212 antchac
239 4164 269 4212 et
297 4175 369 4213 nunc
397 4175 448 4212 nos
474 4174 572 4212 omnes
593 4154 762 4212 coniunctim
789 4163 819 4213 et
844 4152 1014 4213 unanimiter
1038 4155 1152 4233 petitio·

99 4255 112 4297 ι
135 4247 261 4298 nostram
290 4238 452 4298 Caesareae
471 4237 617 4297 Maiestati
646 4238 845 4319 proposuisses
874 4235 916 4296 Et
935 4236 1001 4314 qaia
1018 4248 1153 4298 anteces-

99 4337 131 4383 ιο
159 4320 288 4393 illorum,
321 4340 386 4382 cum
414 4318 644 4383 memnonem
676 4321 783 4383 nutris
809 4329 841 4383 et
864 4318 1029 4395 noliacum,
1062 4323 1154 4384 ania
