2648 4928
334 292 337 299 ¹
365 311 559 386 neuntio
588 312 841 387 Thornuiensis.
1080 312 1158 393 887

132 502 165 557 9.
209 491 350 571 Regimen
371 489 523 552 Ecclesiae
546 489 620 572 quoi
640 495 752 568 sttioet,
775 495 831 556 etsi
853 491 883 556 ii
903 512 972 558 vare
992 494 1161 558 Monarchi-
1217 466 1225 493 '

99 599 112 639 n
135 587 192 648 est,
213 586 346 655 respectu
368 573 477 634 Christi
498 574 584 635 Unici
606 575 697 654 Regis
725 589 756 638 et
780 578 958 640 Monarchae
982 583 1069 641 totius
1087 580 1160 641 Uni·
1216 605 1221 614 ·

99 658 171 721 salis
188 656 360 730 Ecclesiae,
389 668 482 729 tamen
504 658 719 720 particularium
747 660 943 722 Ecclesiarum
968 663 1109 743 Regimen
1130 665 1161 723 in

99 746 137 804 ria
166 754 333 815 externum,
360 760 397 799 ex
419 742 594 801 institutione
614 741 735 815 Christi,
756 744 992 807 Aristocraticum
1005 765 1073 807 csse
1092 764 1162 807 cea·

99 844 166 887 tus:
188 824 240 886 secl
261 826 320 896 ita,
342 835 373 883 nt
393 823 545 903 Episcopis
574 844 625 884 seu
648 827 972 906 superintendentihus,
1000 831 1047 905 vel
1062 829 1164 909 lnspc·

99 911 189 981 rihus,
212 907 329 968 Ordinis
352 918 382 966 et
402 908 563 986 Regimiois
584 909 703 988 aliquam
725 929 811 992 snper
828 913 953 989 reliquos
968 910 1162 994 Presbyteros
1194 986 1205 995 ἢ

99 995 231 1055 critatem
253 1010 308 1050 non
333 1008 488 1070 negemus..

138 1109 189 1162 10.
233 1097 380 1177 Negamus
400 1117 492 1171 vero,
516 1098 602 1157 ullum
630 1099 766 1160 interris
793 1099 888 1181 Caput
907 1111 957 1162 aut
975 1099 1164 1163 Monarchsm

99 1201 117 1246 ο
138 1183 245 1244 Divino
266 1182 445 1241 constitutum
467 1200 544 1250 esse,
567 1183 613 1241 eui
634 1200 731 1241 omncs
751 1193 781 1243 et
801 1185 929 1261 singulae
946 1195 1006 1244 toto
1023 1196 1203 1246 terrarum·-

99 1268 134 1328 he
157 1266 323 1337 Ecclesiae,
347 1283 501 1344 aerumque
517 1263 667 1344 Episcopi,
689 1276 738 1324 ant
759 1267 861 1345 singuli
874 1265 984 1340 hcl'slcs,
1008 1265 1044 1327 ele
1064 1287 1165 1328 neees-

99 1362 139 1412 rtc
160 1350 271 1420 salutis,
292 1360 322 1407 et
343 1349 395 1408 suh
415 1348 615 1420 Anathcmate,
639 1348 757 1409 snhiecti
780 1351 848 1420 sint,
874 1360 922 1409 ant
943 1369 1007 1410 esse
1028 1348 1163 1424 tolcam,

99 1476 108 1507 ,
131 1444 163 1494 nt
178 1433 240 1492 sine
261 1431 314 1492 hae
333 1432 509 1491 subiectione
530 1451 582 1492 uec
604 1429 726 1504 Christi,
747 1451 801 1492 nec
824 1432 975 1495 Ecclesiae
997 1432 1165 1495 Catholicae

99 1536 124 1578 ra
147 1516 274 1577 mamhra
293 1534 358 1574 esse
379 1515 499 1594 possint.

138 1624 236 1705 Atque
258 1622 330 1682 haee
361 1631 405 1682 est
433 1619 585 1701 specialior
608 1619 773 1683 Declaratio
791 1621 949 1684 Doctrinae
969 1620 1167 1685 Ecclesiarum

99 1710 142 1769 lus
160 1706 207 1767 lte
246 1707 256 1766 i
286 1703 515 1766 Reformatarum
537 1703 574 1764 de
601 1704 682 1766 lrisce
710 1705 938 1779 Controversiis,
966 1706 1100 1787 quael).
1123 1707 1165 1768 D.

101 1811 197 1853 mano
228 1787 358 1850 atholiois
378 1789 436 1849 ianr
457 1799 524 1848 ante
545 1786 658 1868 quidem
682 1789 819 1864 exhibita,
842 1801 872 1851 et
885 1788 915 1851 d.
935 1798 987 1855 16.
1002 1790 1165 1873 Septemhr.

101 1872 221 1959 publica
240 1870 378 1933 Sessiooe
401 1871 544 1951 praelecta
565 1882 620 1932 est.
1100 1914 1110 1926 ,

140 1981 214 2042 Cum
237 1999 306 2041 vero
333 1980 443 2041 animos
463 1998 562 2040 eorum
583 1977 749 2061 quihusrlsm
769 1978 875 2042 vertis
896 1979 1024 2042 nonnihil
1045 1980 1170 2042 offensos

99 2085 123 2131 ta
147 2065 384 2143 intelligeremus,
405 2065 445 2123 ita
465 2063 591 2144 quidem,
604 2075 646 2124 ·ut
665 2082 728 2125 enm
750 2064 834 2125 Actis
854 2064 969 2126 minime
989 2063 1171 2126 inserendam

99 2168 126 2212 te
145 2148 295 2230 protestati
317 2148 393 2218 sint,
422 2146 485 2206 Nos
519 2166 552 2207 re
578 2157 687 2209 mature
716 2146 883 2221 deliberata,
919 2168 957 2209 ue
985 2147 1060 2209 iortc
1087 2149 1171 2228 culpa

99 2250 155 2316 qma
174 2241 273 2292 nostra
296 2228 446 2291 Caritativi
473 2230 557 2291 huius
577 2229 718 2311 Colloquii
743 2228 929 2310 ahrumpemli
949 2250 1065 2291 eausam
1087 2252 1172 2313 prae·

99 2334 159 2377 sse
180 2312 352 2387 videremur,
376 2314 479 2373 iterum
502 2314 557 2374 illis
578 2312 859 2388 condescendendum
882 2315 1057 2387 censuimus,
1080 2333 1173 2395 coque

99 2396 212 2471 mulla,
234 2416 305 2477 quae
325 2399 355 2458 io
376 2395 551 2477 proponendi
574 2396 656 2457 molo
688 2397 746 2457 illis
774 2396 972 2478 displicuisse,
1000 2408 1051 2458 out
1069 2396 1107 2458 ad
1125 2417 1174 2458 sc·

99 2481 187 2545 asiam
214 2482 307 2561 potius
335 2480 419 2541 huius
444 2479 585 2561 Colloquii
604 2481 780 2556 Actionem,
801 2479 936 2542 vilelicet
955 2478 992 2541 ml
1013 2478 1174 2545 Doctrinae

99 2575 279 2628 mtroversaa
299 2564 511 2644 probationem,
542 2582 624 2643 quam
644 2562 680 2625 ml
701 2566 763 2625 cius
791 2565 1008 2645 explicationem
1029 2565 1175 2644 pertinere

99 2648 253 2719 labantur,
277 2649 463 2719 mutavimus,
486 2666 567 2727 qnam
592 2657 759 2726 potestatem
789 2657 847 2708 tum
874 2666 1002 2728 qnoque,
1031 2649 1060 2709 in
1090 2649 1175 2708 huius
1228 2680 1232 2691 ·

99 2732 279 2797 relamtionis
300 2731 388 2810 priori
410 2730 545 2802 clausula,
568 2729 687 2791 liberam
709 2731 791 2790 nohis
811 2741 895 2811 atque
917 2732 1177 2811 integram'rcsec·
1283 2736 1286 2747 '

99 2834 257 2878 voramus:
280 2824 362 2892 prout
382 2814 436 2871 ianr
456 2832 565 2892 quoquo
590 2811 627 2872 acl
655 2815 819 2874 ulteriorem
839 2833 955 2886 eorum,
982 2833 1054 2894 qnae
1073 2815 1177 2874 ohscu-

99 2922 126 2963 rs
150 2901 226 2958 forte
249 2895 324 2955 dicta
345 2897 505 2956 etiamnunc
527 2894 618 2955 videri
639 2907 760 2976 queant,
789 2894 1037 2971 Declaratiooem,
1067 2898 1092 2955 si
1114 2915 1178 2957 enm

99 2980 193 3047 nohis
212 2980 365 3060 postulent,
390 2998 441 3038 nos
462 2978 537 3038 ultro
558 2978 715 3053 offerimus,
738 2989 768 3039 et
788 2978 862 3040 heac
876 2977 1036 3040 declarandi
1052 2990 1179 3040 nostran

99 3065 243 3130 atentiam
269 3063 425 3122 libertatem
450 3082 536 3140 porro
554 3062 636 3121 nohis
658 3073 831 3123 reservatam
858 3063 1002 3136 volumus,
1022 3081 1179 3143 eamqoea

99 3150 205 3212 ominis
224 3145 536 3217 Romano-Catholicis,
557 3144 685 3224 Legibus
703 3147 785 3205 huius
801 3144 940 3227 Colloquii
955 3147 997 3207 ila
1008 3147 1177 3221 volentibus,

99 3233 147 3296 mal
168 3232 305 3313 gravatim
326 3230 409 3290 nohis
428 3247 594 3290 concessum
614 3230 651 3290 iri
672 3248 829 3311 speramns.

244 3546 352 3616 lluic
377 3544 675 3614 Decleretioni
700 3544 1015 3636 subscripsere.

417 3717 470 3778 Ex
496 3717 673 3800 Equestri
700 3715 846 3780 Ordine.

165 3860 320 3941 Zhygacus
343 3858 485 3940 Gorayslri
506 3859 542 3919 cle
562 3860 672 3938 Goray,
692 3856 870 3918 Castellaons
889 3852 1081 3923 Chelmensis,
1103 3870 1130 3911 a.
1148 3850 1182 3911 S.

99 3945 121 4006 l.
145 3943 189 4004 tl.
215 3944 363 4024 deputatus
384 3942 527 4024 Colloquii
547 3942 753 4003 Thoruoiensis
773 3940 908 4001 Prasses.
952 3937 1053 4017 hippo.

167 4051 325 4110 stanislaus
358 4050 557 4111 Drohoiewslri
585 4069 603 4110 a
631 4047 804 4120 Drohoiow,
832 4045 970 4108 Direetor
988 4042 1188 4103 Concessnsa

99 4144 164 4196 >arte
184 4134 426 4195 Reformatorurn.
470 4134 570 4213 Mppn.
1273 4134 1279 4141 “

167 4241 295 4303 Alanus
315 4243 382 4322 Ray
402 4262 420 4301 a
440 4240 616 4322 Naglowice,
636 4238 793 4319 Delegatns
814 4235 850 4299 ah
863 4233 1006 4299 Ecclesiis
1018 4231 1192 4295 Pelatinstns

99 4324 302 4407 lncoviensis.
345 4325 445 4406 Mppa.
643 4406 648 4413 ἡ
1178 4356 1181 4361 -
1309 4408 1312 4413 Ι
