2648 4928
206 268 259 345 30
527 268 694 364 Zwinglii
717 269 796 345 iidci
819 271 915 342 cutio.
1217 302 1226 353 p

30 468 86 517 ttae
99 455 236 514 erm-in
257 467 366 522 coena,
397 447 503 508 frustra
523 449 611 527 igitur
630 447 762 510 Christus
784 461 830 510 ost
849 461 987 512 meruius.
1031 450 1065 511 Si
1086 414 1226 528 comen,

29 522 351 630 Qdeispensat
369 532 501 592 uirtutem
521 533 661 612 passionis
681 531 806 606 Christi,
828 545 860 593 nt
880 531 979 594 eedem
1000 553 1065 618 pars
1086 534 1226 616 perhihes,

43 613 184 686 mititem
206 637 276 698 ergo
297 616 459 695 dispensata
479 616 533 678 fuit
547 616 637 676 virtus
656 616 796 696 passionis
816 628 846 677 et
861 615 1064 698 redemptionis
1079 629 1226 705 umqum,

28 696 273 799 glfflgtlwnate
300 710 388 762 esset.
437 698 470 759 Si
497 699 589 779 pascit
616 719 720 781 eorpus
746 698 783 759 ad
809 703 1132 775 resurrectionem,·ut
1159 702 1225 785 ulie

29 760 319 869 cei’mffiqntdam
335 784 404 844 satis
424 781 538 843 indocte
559 780 676 855 adserit,
699 802 770 862 ergo
791 785 879 845 multo
895 786 985 864 magis
1006 796 1088 845 unat
1102 796 1218 853 noem·

28 866 327 970 tfflmllelX-prlsl
355 878 386 928 ct
411 864 447 926 ah
469 865 647 945 aegritudine
676 867 768 966 levat..
805 867 865 928 Sed
893 869 978 929 aliter
998 880 1074 967 amat
1093 836 1226 971 lrenatpq'lE

27 954 326 1117 “cessabit
344 970 558 1095 illeille
576 950 843 1108 hiltrici
862 950 1226 1118 dimittitis

202 1119 387 1182 surrectionis
403 1119 531 1179 firmetur
546 1114 654 1177 Christi
660 1119 881 1179 resurreetione.
904 1119 952 1180 En
965 1118 1088 1201 lepidum
1103 1126 1226 1203 ηομ

243 1203 362 1276 Tertio,
385 1201 419 1262 Si
440 1220 544 1281 eorpus
564 1198 673 1261 Christi
692 1203 821 1262 naturale
842 1205 937 1264 estin
959 1223 1049 1264 coena
1069 1202 1226 1293 praebitup'

26 1283 1226 1450 „west

25 1428 197 1547 mm·
222 1475 273 1529 us,
303 1450 428 1515 nondum
457 1452 532 1511 enim
561 1461 625 1511 eret
651 1451 848 1533 clarificatum.
901 1452 972 1515 Cum
1011 1455 1087 1514 enim
1117 1432 1226 1545 dicu*

25 1477 332 1605 mem-lidorum
352 1534 426 1597 idem
447 1554 570 1617 corpus,
592 1533 644 1596 sed
665 1556 721 1596 non
743 1535 975 1617 quemadmodum
997 1549 1061 1598 orat
1080 1536 1225 1625 passsbiij

71 1614 146 1671 ’¹¹¹⁰-
201 1641 300 1683 ucrnm
321 1618 395 1681 idem
417 1619 501 1700 quale
522 1630 586 1700 post
606 1621 844 1680 resurrectionem
865 1622 937 1696 luit,
961 1621 1123 1695 obiicimus,
1147 1606 1226 1705 nvp*

32 1683 190 1803 ‘ffllfflg
202 1716 252 1767 aut
266 1703 323 1766 duo
343 1722 464 1784 corpora
475 1701 585 1776 habuit,
608 1722 693 1762 unum
709 1703 785 1784 quod
800 1703 923 1764 nondum
938 1716 1015 1765 esset
1027 1692 1224 1773 clarificatum*¹

25 1766 69 1858 lus
86 1814 135 1858 tect
150 1791 233 1859 solet
251 1790 371 1849 nitemini
388 1783 462 1866 quod
482 1798 576 1846 esset:
600 1797 650 1845 eut
669 1807 755 1846 nnuru
770 1785 899 1867 idemque
918 1809 1021 1870 eorpus
1038 1786 1140 1849 eodem
1158 1770 1225 1869 tuql

25 1870 273 1954 “stuwi-poro
302 1873 356 1931 init
383 1869 516 1950 passibile
543 1881 584 1933 ct¹
599 1870 781 1951 impassibile.
825 1870 865 1931 Et
894 1874 955 1944 sic,
987 1892 1050 1932 cum
1079 1870 1225 1955 tantopett'

82 1931 137 1975 ‘m
203 1965 383 2017 aversaretur
404 1963 542 2027 mortem,
568 1953 708 2019 nimirum
727 1955 817 2014 voluit
845 1975 901 2014 nou
920 1957 999 2037 pati,
1028 1955 1080 2016 sed
1100 1948 1226 2037 corpotli

149 2051 152 2063 ·
203 2042 257 2099 istu
276 2037 343 2100 doto
365 2038 407 2096 nti
428 2056 484 2118 que
496 2036 625 2097 indolens
644 2048 718 2097 crat.
761 2037 830 2097 Non
853 2040 942 2117 igitur
961 2058 1027 2099 rere
1048 2058 1151 2120 passus
1170 2030 1226 2115 d?

201 2121 253 2183 sed
273 2142 326 2203 per
344 2120 528 2201 hypocrisim,
552 2140 608 2200 que
629 2121 711 2180 nobis
730 2122 777 2181 ria
788 2121 921 2182 Marcion
942 2123 1061 2203 pulchre
1081 2121 1226 2199 redum

202 2206 238 2268 sb
258 2203 418 2266 Andabatis
440 2205 513 2263 istis.
557 2203 699 2264 Sescenta
720 2216 855 2285 possent,
878 2226 896 2266 o
918 2204 1037 2280 Caesar,
1060 2206 1226 2288 argundi

200 2287 320 2363 adduci,
352 2286 403 2349 sed
424 2288 469 2348 his
490 2306 564 2346 nunc
584 2289 846 2349 contenderimus.
1190 2292 1226 2335 ’Ἰ

241 2372 329 2449 Quod
357 2383 452 2431 autem
479 2381 607 2444 veteres,
638 2390 710 2449 quac
737 2384 880 2451 postrema
905 2370 989 2432 huius
1017 2372 1132 2433 articuli
1161 2376 1226 2455 pit*

200 2458 267 2530 erit,
292 2455 437 2516 nobiscum
454 2455 587 2527 sentiant,
612 2451 720 2513 duobus
732 2457 851 2515 testibus
870 2455 988 2516 firmabo
1003 2457 1096 2536 iisque
1114 2456 1226 2537 print)

241 2539 414 2612 Ambrosio,
446 2539 495 2618 qui
526 2539 567 2597 sie
593 2539 622 2597 in
646 2538 793 2617 epistolam
829 2542 953 2620 priorem
983 2538 1019 2598 nd
1049 2537 1226 2615 Corinthius

202 2644 288 2706 super
307 2624 352 2684 his
371 2621 477 2694 verbis,
500 2620 624 2681 Mortem
641 2620 758 2681 Domini
780 2625 950 2683 annunciate
966 2635 1022 2683 ete.
1048 2621 1129 2696 dicit,
1151 2623 1226 2701 Quis

201 2710 276 2767 enim
297 2717 387 2769 morte
411 2704 663 2767 Dominidiberari
684 2726 796 2779 sumus,
827 2707 909 2766 huius
938 2709 981 2766 rei
1009 2726 1166 2781 memores,
1195 2706 1226 2769 b

201 2791 311 2852 edendo
340 2802 371 2851 et
398 2788 540 2872 potando,
570 2809 684 2849 carnem
705 2800 735 2848 et
756 2792 941 2869 sangninem,
970 2811 1042 2870 quoe
1072 2810 1125 2870 pru
1144 2786 1223 2853 nobb'

201 2876 296 2936 oblata
312 2886 406 2948 sunt,
436 2876 646 2954 significamus,
672 2884 729 2933 ete.
774 2873 915 2953 Loquitur
941 2885 1033 2934 autem
1055 2873 1226 2935 Ambrositfl'

200 2958 236 3018 dc
257 2960 321 3019 cibo
342 2969 457 3039 ct·potu
480 2978 598 3019 coenae.
640 2956 681 3015 Et
693 2955 823 3036 perhibet
845 2978 896 3017 nos
917 2978 984 3018 vera
1003 2960 1057 3018 isto
1079 2977 1154 3039 qnae
1173 2960 1226 3041 pud

198 3042 280 3102 nohis
302 3042 396 3101 oblatu
417 3052 499 3112 sunt,
522 3041 695 3120 significare.
1223 3069 1226 3089 ι

240 3125 402 3203 Augustino
419 3144 548 3204 qnoque,
573 3126 621 3205 qui
644 3126 672 3182 in
694 3124 836 3183 loannem·
851 3135 972 3183 truetrtu
987 3123 1087 3184 XXX.
1111 3121 1226 3207 Corpu

129 3272 136 3284 ,Ι
199 3206 307 3268 Christi
327 3206 402 3289 quod
424 3209 580 3266 amortuis
602 3209 773 3280 resurrexit,
797 3206 927 3267 adfirmat
947 3210 975 3266 in
997 3228 1053 3268 uno
1075 3209 1140 3268 loco
1160 3214 1226 3269 eud

198 3303 341 3372 oportere.
386 3291 444 3351 Ubi
465 3292 601 3371 impresse
626 3292 799 3371 exemplaria
818 3291 909 3351 Posse
931 3293 1035 3350 habent
1054 3311 1106 3372 pro
1128 3291 1225 3373 Opus·

198 3386 279 3434 tere:
310 3372 360 3436 sed
390 3376 480 3445 male,
513 3395 575 3434 nom
604 3386 634 3437 et
660 3377 688 3433 in
717 3378 919 3435 sententiarum
946 3375 1107 3454 Magistro,
1139 3376 1226 3456 inq!

196 3456 331 3519 Decretis
352 3457 518 3529 Canonicis,
542 3460 570 3516 in
593 3478 665 3539 quae
685 3461 825 3519 sententia
845 3461 898 3518 istu
911 3458 1066 3538 Augustini
1085 3458 1226 3521 mandate

197 3553 259 3615 est,
290 3544 395 3621 legitur
424 3542 556 3620 Oportet.
601 3542 666 3616 Quo
695 3544 787 3622 palum
815 3542 942 3603 videmus
969 3554 1081 3602 veteres
1107 3540 1226 3605 omnin

198 3646 254 3685 non
275 3627 449 3686 intellexisse
472 3624 507 3684 de
529 3628 649 3684 naturali
671 3646 721 3686 esu
744 3629 871 3706 corperis
894 3626 1013 3699 Christi,
1037 3623 1087 3686 scd
1108 3625 1145 3687 dc
1165 3624 1226 3707 spt-

197 3711 304 3783 rituali,
323 3709 457 3790 quiequid
476 3709 586 3768 tandem
600 3707 634 3768 de
650 3730 740 3769 coena
754 3712 902 3788 magnifice
919 3712 1006 3771 locuti
1029 3720 1104 3769 sunt.
1150 3707 1225 3771 Cu

196 3795 271 3853 enim
294 3796 438 3854 sciverunt
457 3813 560 3872 eorpus
582 3791 688 3852 Christi
712 3796 740 3852 in
764 3813 819 3851 uno
841 3795 905 3854 loeo
927 3814 990 3854 csse
1012 3804 1163 3874 oportere,
1194 3800 1225 3855 d

195 3897 259 3938 cnut
280 3877 316 3937 ad
337 3878 482 3938 dexterum
500 3877 558 3937 llei
578 3897 651 3949 esse,
678 3897 732 3935 non
751 3875 934 3938 detraxerunt
950 3877 1019 3938 illud
1041 3887 1073 3936 ut
1091 3875 1225 3941 tendi·

196 3962 339 4022 homiuum
361 3961 475 4022 foetidis
498 3961 651 4021 subderent
670 3960 905 4023 commolendum.

238 4044 315 4106 idem
330 4046 508 4127 Augustinus
529 4044 664 4106 adversus
678 4042 861 4104 Adimantum
883 4049 969 4126 eupit.
988 4044 1058 4105 Xll.
1083 4046 1139 4104 tria
1154 4046 1222 4117 ists,

196 4129 319 4209 Sanguis
348 4144 392 4192 est
412 4133 524 4201 anime,
556 4130 620 4189 lloe
650 4139 695 4187 est
723 4150 826 4208 eorpus
848 4151 959 4201 mcum,
987 4129 1027 4188 Et
1047 4140 1128 4208 petra
1159 4138 1226 4189 eret·

194 4213 343 4287 Christus,
375 4217 574 4294 συμβολικῶς,
607 4214 660 4270 hoe
687 4223 749 4275 est,
784 4216 895 4292 etipse
919 4215 1061 4293 loquitur,
1086 4215 1113 4271 in
1137 4213 1223 4291 signo

192 4309 220 4353 ut
250 4301 435 4377 significative
466 4296 539 4355 dictu
570 4318 632 4355 esse
662 4295 754 4354 clucet
802 4297 838 4355 Et
871 4300 944 4356 intur
973 4300 1027 4357 ulie
1052 4298 1139 4356 nrulttt
1165 4298 1220 4356 buc
