2648 4928
189 340 192 347 ·
264 304 320 377 lle
344 305 510 377 uttnuuu
534 306 719 381 Ecclesiae
855 332 858 347 ·
911 292 986 383 511·

99 484 334 546 ninistratlanetu.
389 484 588 548 Ministrorum
623 491 698 549 euim
726 500 771 552 cst
797 508 991 570 congregare

99 589 226 643 sacrum,
257 570 285 629 in
307 568 362 629 boc
383 589 527 650 exponere
550 572 756 646 verbumllei,
779 584 808 635 ot
828 576 992 637 uniuersam

99 674 118 713 u
145 650 361 715 accommodare
392 655 426 713 ad
456 655 594 715 rationem
620 676 756 738 usumque
777 658 937 731 ecclesiae,
961 668 993 720 ut

115 735 276 813 docentur,
308 738 419 816 prosint
439 737 633 813 auditoribus,
659 753 690 800 et
710 738 860 801 aedificent
881 740 991 807 fideles.

100 841 161 881 rum
183 822 296 900 inquam
318 830 381 892 est,
405 819 510 881 docere
534 823 700 902 imperitos,
722 818 829 884 bertari
852 826 938 899 item,
962 836 993 887 ct

99 904 127 965 rd
147 902 386 985 progrediendum
408 906 437 963 in
459 905 504 964 via
529 903 632 967 domiui
652 918 816 982 cessantes,
838 918 887 967 aut
907 911 994 971 etiam

99 986 292 1060 rrooodentco,
315 988 458 1047 consolari
481 990 548 1047 item
562 999 591 1048 et
607 991 775 1053 confirmare
787 991 992 1071 pusillanimos,

99 1092 129 1132 uc
157 1083 257 1133 contra
283 1082 399 1133 satanae
426 1073 596 1134 tentationes
617 1077 728 1147 varias,
759 1075 905 1155 corripere
926 1096 994 1157 pee-

98 1174 236 1216 rerocaro
265 1155 293 1215 iu
315 1156 389 1216 viam
411 1167 560 1230 errantes,
582 1158 677 1239 lapsos
699 1158 828 1238 erigere,
850 1158 994 1220 contradi·
1026 1170 1029 1177 '

99 1240 257 1312 evincere,
288 1240 368 1319 lupos
395 1237 515 1320 denique
544 1241 580 1300 ab
606 1243 673 1302 ouili
699 1240 839 1302 dominico
860 1240 992 1321 abigere,

99 1325 164 1382 item
187 1334 218 1381 et
238 1325 414 1396 sceleratos,
443 1324 599 1404 prudenter
624 1336 654 1386 et
679 1326 806 1406 graviter
826 1326 990 1405 increpare,

99 1408 234 1467 ouuiuere
255 1419 303 1467 aut
331 1418 427 1467 tacere
448 1406 483 1467 ud
506 1406 864 1491 conscelerationutu²⁸)a
888 1408 938 1469 sed
962 1422 994 1471 et

99 1502 143 1551 uta
164 1488 377 1562 administrare,
403 1496 538 1570 usumque
553 1512 650 1553 corum
664 1495 765 1552 iustum
780 1491 994 1567 commendare,

101 1572 172 1635 sad
197 1574 244 1635 illu
266 1573 448 1656 percipienda
470 1596 522 1656 per
543 1596 640 1637 seuam
669 1576 891 1655 doctrinanss)
915 1596 999 1657 prac-

101 1659 131 1718 in
154 1658 262 1719 unitate
284 1678 393 1739 quoque
414 1670 513 1719 sancta
533 1659 633 1720 fidelos
660 1678 845 1732 consecrare,
869 1663 899 1719 et'
921 1662 999 1721 ecbi-

101 1740 272 1821 probibcre,
290 1741 433 1825 ‚dantque
474 1743 652 1805 catechisare
689 1740 798 1816 rudes,
842 1762 999 1824 pauperum

99 1836 170 1886 atem
204 1824 404 1885 commendare
439 1827 600 1899 ecclesiae,
636 1834 819 1907 aegrotantes
845 1837 875 1888 ot
910 1827 999 1908 rarija

117 1908 321 1969 tentationibus
344 1909 473 1981 visitare,
502 1911 657 1983 iustruere,
681 1920 712 1971 ct
732 1912 762 1970 iu
784 1911 831 1970 via
851 1910 928 1972 ritca
949 1930 1000 1972 re.

110 2004 262 2073 praetcrea
287 1993 432 2053 orationes
459 1991 604 2073 publicas,
630 1993 676 2055 vel
703 1995 925 2076 supplicationes
948 2014 1001 2055 uc-

99 2096 113 2135 s
135 2087 276 2156 tempore,
299 2096 352 2136 uua
374 2095 437 2136 curu
460 2077 580 2150 ieiunio,
603 2075 632 2137 id
654 2086 716 2150 ort,
738 2078 911 2138 abstinentia
932 2096 1000 2138 aaa·

99 2178 204 2231 eunuc,
227 2170 257 2221 ct
275 2161 369 2221 omnia
391 2179 463 2238 quae
485 2162 627 2240 pertinent
656 2157 692 2221 ad
713 2162 899 2222 ecclesiarum
922 2171 1001 2221 treu-

99 2264 148 2315 rur,
172 2263 288 2324 pacem
315 2257 344 2305 et
370 2245 506 2315 salutem,
535 2264 616 2321 quam
644 2242 863 2322 diligentissime
883 2262 999 2305 curare.

99 2348 125 2387 ur
146 2326 218 2387 baec
241 2327 334 2387 omnia
355 2327 463 2387 rectius
479 2328 646 2407 faciliusque
662 2329 752 2407 possit
770 2330 901 2389 minister
917 2346 1001 2408 prac-

99 2412 244 2491 aequiritur
270 2411 307 2470 ab
331 2430 366 2471 eo
389 2411 543 2489 imprimis,
575 2422 605 2470 ut
635 2412 673 2470 sit
692 2408 752 2471 Dei
779 2415 880 2472 timeus
888 2454 899 2483 ,
937 2421 1015 2484 oret,

119 2494 232 2555 lectioni
260 2514 359 2554 sacrae
386 2492 533 2564 intendat,
563 2504 593 2553 et
621 2495 650 2554 iu
676 2494 805 2554 omuibus
837 2506 867 2556 et
888 2512 1003 2574 semper

121 2589 149 2637 et
179 2577 364 2658 puritate²⁸)
392 2579 467 2637 ritae
500 2578 630 2637 omuibus
655 2581 828 2656 praeluceat.
873 2576 1001 2655 Cumque

108 2673 239 2741 oporteat
260 2683 325 2722 esse
356 2663 384 2720 in
408 2663 531 2722 ecclesia
553 2659 747 2740 disciplinam,
776 2671 806 2720 et
827 2661 901 2739 apud
922 2671 1002 2722 vete·
1021 2669 1162 2728 tttaetpttua.

99 2745 179 2805 udam
213 2748 315 2805 usitata
338 2747 424 2806 luerit
444 2744 725 2818 Excommuuicatio,
748 2745 908 2822 fuerintque
929 2742 1002 2803 iudi·

101 2830 235 2889 euiaeticn
263 2832 290 2888 in
313 2830 415 2909 populo
435 2830 511 2899 Dei,
547 2831 574 2888 in
594 2831 694 2908 quibus
716 2847 769 2908 per
789 2829 865 2887 viros
881 2826 1004 2908 prudeu-

99 2914 156 2991 pios
178 2915 365 2974 exercebatur
392 2915 463 2973 baec
486 2912 652 2992 disciplina,
683 2913 872 2972 ministrorum
894 2929 1005 2991 quoquc

111 2994 148 3057 ad
176 2996 422 3068 aedificationem,
452 2996 629 3074 disciplinam
659 2995 801 3056 moderari
830 2995 924 3066 banc,
953 3014 1005 3074 pso

99 3099 140 3140 »ue
160 3090 330 3161 temporum,
349 3091 438 3140 status
454 3081 568 3160 publici,
585 3100 618 3139 ac
633 3080 814 3140 necessitate.
859 3077 917 3138 Ubi
931 3096 1006 3138 seur·

99 3162 174 3224 eada
195 3175 240 3224 est
261 3164 369 3244 regula,
392 3166 486 3223 omnia
504 3165 566 3222 lteri
589 3164 695 3224 debere
709 3162 742 3222 ad
765 3161 1004 3232 aedificationem,

98 3268 132 3320 r,
156 3247 292 3318 boucam,
321 3250 384 3307 sine
414 3246 563 3328 tyrannide
594 3259 624 3307 et
652 3247 804 3306 seditione.
849 3244 1006 3325 Apostolus

99 3342 195 3391 statur
214 3335 273 3391 sibi
291 3351 309 3391 c
327 3337 386 3391 lleo
408 3335 545 3392 traditum
565 3353 626 3391 esse
647 3334 677 3392 t'n
698 3332 818 3391 ccclesia
836 3340 1006 3410 potestatem
1034 3338 1157 3385 uvanto.

99 3416 263 3494 picotrbaeru
291 3427 320 3475 et
344 3435 400 3475 oron
430 3417 659 3476 deser-acumem.
704 3415 778 3474 Nam
806 3416 925 3494 ipsemet
945 3411 1007 3472 tto-

99 3499 181 3558 retuit
204 3500 296 3557 lolium
319 3500 346 3557 iu
370 3518 440 3577 agro
463 3497 602 3559 donriuico
624 3497 776 3569 eradicari,
800 3495 911 3579 quaudo
933 3496 1009 3577 peri·

99 3584 142 3653 sit,
165 3601 201 3641 ne
223 3593 252 3643 et
274 3584 397 3641 triticum
421 3584 568 3643 evellatur.

99 3676 217 3726 ueterum
247 3686 415 3726 execramur
449 3667 475 3725 iu
506 3668 651 3745 praesenti
678 3665 893 3725 Donatistarum
927 3681 1008 3722 erro·
1045 3667 1150 3717 uttntsrrt
1168 3728 1180 3735 Η

99 3750 125 3808 ui
149 3746 306 3810 doctrinam
338 3760 366 3809 et
390 3747 660 3809 administrationem
680 3758 937 3817 sacramentorum,
961 3735 1181 3832 uelqffiss‘qssgnffif'*

99 3854 123 3891 m
146 3835 194 3894 vel
215 3834 401 3905 inefficacem,
419 3853 456 3893 cx
480 3836 551 3894 mala
575 3836 620 3893 vel
640 3833 714 3892 bona
737 3833 928 3891 ministrorum
952 3830 1010 3888 vita

99 3928 141 3978 ut.
186 3916 299 3979 Scimus
328 3919 403 3978 euim
424 3938 524 3980 vocem
555 3918 665 3978 Christi
689 3913 857 3976 audiendam
878 3934 945 3975 essa
965 3912 1011 3973 vel

99 4020 175 4061 urum
198 4004 390 4064 ministrorum
413 4023 475 4064 ore.
520 4000 641 4078 Quando
670 4002 730 4082 ipse
753 3998 893 4059 Dominus
924 3995 1033 4081 dixin,-

1036 3481 1122 3525 metm.
1131 3478 1168 3524 tu.

113 4220 221 4273 &lna
237 4221 298 4273 item
320 4226 345 4272 et
356 4256 482 4273 ........
495 4220 530 4271 orl
554 4213 802 4286 caemeterntlonem]
826 4215 923 4269 desunt
944 4211 1012 4265 baec

99 4303 153 4369 per.
178 4289 246 4343 Tur.
298 4290 410 4410 Ὦπιν
431 4304 525 4368 panum
547 4285 701 4370 doctqiornml
726 4283 814 4341 Elium
836 4283 903 4339 usae
931 4280 1012 4335 turba

99 4372 128 4410 ru
144 4370 223 4413 tuso.
239 4354 307 4413 Tur.
374 4355 494 4428 llirudl.
509 4354 628 4424 puellum
