2648 4928
459 311 642 385 Prioiutio.
872 364 874 369 ,
922 410 925 418 ι
1023 316 1118 405 ‚tit

99 491 321 577 e‘isundumcnta
338 491 523 572 penetrabit,
557 495 660 575 quique
676 490 708 555 i!
722 491 820 555 'solida
837 494 913 558 ,bosi
926 482 1117 578 stipenstri'iet,

99 599 116 638 n
141 578 174 638 id
186 579 327 659 paulatim
335 575 413 655 ficri
426 587 548 657 oportet.
590 578 731 638 It'uturum
757 597 867 658 quoque
886 591 947 655 est,
970 598 1034 643 cum
1057 594 1120 645 mai

99 680 227 722 messura
243 671 274 720 et
288 662 434 741 angusba,
459 680 576 741 cumque
592 679 701 720 summa
719 680 817 737 rerum
838 662 1018 743 difficultate.

99 749 171 807 ioue
197 748 291 806 omni'a
313 746 357 804 iic
385 745 545 824 accepimus
578 762 615 804 ae
640 746 776 823 legimus,
807 756 959 826 antequam
982 751 1121 811 Fratrum

99 831 158 889 si’ao
184 831 436 906 inauguraremur,
456 837 508 889 aut
525 827 587 888 ulla
606 847 669 888 eum
692 829 750 888 illis
769 832 976 891 necessitudine
994 834 1125 912 copulati

99 916 172 975 mun
215 915 367 991 Postquam
386 922 481 973 autem
500 913 550 970 diu
575 912 715 972 emnildis
737 914 912 991 egissemus,
939 933 988 975 eas
1008 934 1061 976 eeu
1079 919 1123 978 la·

99 996 195 1069 uiuos,
217 1013 286 1056 vcro
304 1004 335 1056 et
347 995 449 1056 stabili
454 991 660 1075 ptolomaico,
684 996 761 1073 quod
778 997 844 1056 olibn
869 999 927 1056 iani
938 997 1049 1077 fideles
1064 1002 1122 1061 Bo·

132 1080 247 1140 strenui
264 1079 393 1139 ueritatis
421 1079 565 1151 uindices,
596 1078 749 1139 secundum
776 1080 874 1141 datam
898 1081 958 1141 sibi
977 1084 1121 1161 gratim

99 1172 153 1235 nt,
174 1164 592 1242 superstrucioecogoooimue.
638 1161 774 1222 Videntes
789 1164 883 1243 igitm
901 1165 956 1224 boc
972 1167 1048 1227 i'iiter
1060 1185 1122 1239 eos,

106 1265 259 1318 umanum,
282 1246 345 1305 'sed
358 1247 446 1325 plane
470 1247 593 1305 divinum
616 1255 687 1325 opus
706 1264 788 1320 esse,
818 1266 881 1307 cuis
904 1247 1121 1327 omnifiiiueia,

99 1331 216 1391 ”itatem
224 1328 320 1409 fidei,
344 1348 380 1389 ae
400 1330 476 1389 alias
492 1348 540 1389 res
563 1346 682 1401 sacras,
701 1348 764 1390 una
780 1348 843 1390 cuni
860 1331 918 1391 illis
939 1334 1125 1394 communiter

99 1415 142 1472 ai
160 1432 256 1474 sumus
277 1415 336 1472 lleo
356 1414 471 1492 gratim
488 1423 626 1491 agentes,
657 1413 708 1472 cui
715 1415 830 1492 placuit
844 1431 896 1474 nos
915 1433 932 1473 e
952 1413 1076 1476 tenebris
1093 1417 1124 1477 in

99 1496 188 1558 anan
209 1497 280 1557 Filii
296 1497 345 1555 eui
362 1515 397 1556 ac
420 1497 508 1556 omnis
528 1498 660 1556 ueritatis
676 1496 831 1559 adducere.
876 1565 881 1573 ,

99 1582 172 1641 Cain
193 1590 288 1641 autem
311 1581 397 1639 multo
416 1589 541 1659 tempore
559 1581 646 1640 simul
664 1599 728 1639 eum
745 1582 789 1640 eis
812 1581 941 1642 omnibus
970 1580 1057 1642 rebus
1075 1599 1124 1642 sa·

99 1664 144 1723 tsi
156 1682 299 1735 essemus,
327 1664 356 1722 in
379 1664 530 1724 bimistros
550 1664 663 1723 tandein
687 1681 724 1723 ac
746 1666 909 1725 sacerdotes
930 1665 1126 1725 Ecclesiarum

99 1748 170 1826 gio,
183 1749 269 1807 electi
277 1757 362 1825 atquc
374 1748 615 1807 ordinatisumus.
636 1748 726 1807 Inviti
734 1756 829 1819 autem
840 1766 877 1808 ac
886 1750 1043 1808 renitentes
1050 1749 1127 1809 banc

99 1833 188 1914 uquam
199 1832 381 1909 suscepimus,
398 1831 502 1889 multas
518 1831 634 1890 enimin
653 1830 707 1889 boc
716 1833 832 1908 negotio
843 1849 950 1910 grams
964 1850 1001 1892 uc
1010 1834 1127 1912 pericu·

99 1934 170 1987 mes,
194 1914 296 1993 quibus
315 1915 487 1973 sustinendis
502 1933 555 1974 iios
570 1933 626 1974 non
648 1932 710 1975 esee
725 1913 888 1975 uidebamus
906 1933 1015 1994 pares,
1038 1935 1127 1994 prae·
1204 1932 1206 1937 ·
1235 1940 1237 1944 “

99 2016 116 2057 ι
142 1999 195 2058 boc
217 1998 340 2057 decursu
367 1999 493 2068 saeculi,
533 1997 647 2075 quando
678 2006 713 2057 ut
741 1988 838 2058 dibibia
867 1997 973 2058 liabent
993 1999 1125 2071 oracula,

99 2091 184 2159 mla
204 2088 274 2141 sunt
290 2081 395 2150 omnia,
418 2080 496 2138 nullo
515 2099 571 2139 non
593 2078 701 2139 scelere
719 2090 748 2140 et
760 2081 922 2153 maledieto,
947 2090 982 2140 ut
1000 2082 1044 2141 ait
1055 2084 1128 2142 Pro·
1224 2144 1226 2148 Α

99 2203 115 2235 ,
137 2166 223 2245 quasi
238 2172 365 2223 torrente
382 2162 587 2222 inundantibus
594 2180 685 2242 snper
701 2171 827 2232 terram,
852 2161 1056 2242 di'oi’iiajtai'nen
1076 2183 1129 2244 ope

99 2249 135 2321 τ’,
156 2247 298 2326 verboque
318 2247 396 2317 eius,
420 2246 500 2305 cuius
513 2244 561 2304 liic
578 2264 648 2324 opus
666 2246 781 2322 agitur,
804 2247 881 2306 banc
899 2248 1077 2324 procecedunt
1098 2249 1128 2306 in

99 2374 102 2381 =
131 2331 294 2392 detrectare
312 2330 467 2400 noluimus,
496 2347 587 2406 nequo
616 2327 772 2388 Fratribus
790 2337 919 2389 nostram
935 2347 1068 2408 operam,
1098 2330 1128 2390 i'n

99 2431 131 2475 sn
146 2416 200 2496 pia
221 2423 252 2474 et
266 2415 342 2485 utili,
361 2410 586 2490 postulantibus,
608 2411 763 2490 denegare.
1047 2428 1050 2433 ·

99 2500 194 2560 Porro
213 2498 324 2557 interca
343 2497 493 2575 temporis,
522 2495 587 2553 dum
612 2494 712 2554 bacin
733 2494 865 2557 Ecclesia
880 2495 1038 2556 mibii‘iiterio
1053 2491 1130 2574 suii-

99 2599 128 2657 ”,
150 2601 185 2642 en
200 2581 287 2641 multi
293 2579 439 2660 prodeunt
454 2579 569 2650 bostes,
589 2579 642 2657 qui
659 2577 724 2638 odio
742 2578 895 2657 plusquam
913 2579 1064 2661 noomcali
1077 2579 1130 2639 'ad-

99 2684 118 2726 s
136 2684 189 2726 nos
203 2665 404 2741 insurgentes,
425 2680 484 2721 non
509 2681 566 2721 nno
589 2661 672 2720 modo
685 2663 825 2738 grassari
835 2664 1006 2743 coeperunt,
1033 2672 1064 2723 et
1075 2681 1130 2723 nos

99 2748 250 2809 mendaciis
273 2746 351 2826 apud
373 2764 467 2804 omnes
484 2761 684 2823 praegravare
699 2744 888 2817 conabantur.
940 2748 1004 2807 Nec
1020 2746 1130 2807 tantimi

99 2852 120 2893 c
132 2833 295 2911 petulantia
315 2839 345 2889 et
364 2828 640 2903 detractationibus,
662 2829 714 2888 sed
726 2829 843 2907 scriptis
858 2831 944 2890 enam
958 2831 1018 2889 suis
1031 2830 1131 2908 palam
1219 2850 1224 2861 ·

99 2915 248 2977 labantur.
291 2917 338 2975 At
361 2914 480 2971 istorum
497 2912 628 2984 nablia,
659 2930 732 2991 quac
751 2913 829 2971 ibitus
851 2913 986 2973 alebatur
1006 2922 1129 2985 retecti,

99 3021 104 3052 ι
124 3000 182 3079 ipsi
189 2997 281 3080 fidem
299 2997 464 3064 babeamus,
487 2995 646 3076 cuicunque
662 2992 842 3074 manifestum
854 2993 1035 3077 fecimusne
1057 2997 1132 3056 alia·

103 3083 248 3143 rationem
265 3100 362 3139 rerum
381 3078 574 3147 reddidimus,
603 3096 675 3156 quas
697 3079 737 3137 ad
750 3079 872 3139 salutem
896 3079 1018 3139 oninium
1026 3077 1134 3160 facere

99 3166 219 3226 ibamus.
263 3167 324 3225 Nec
343 3182 401 3223 non
421 3162 456 3219 de
467 3159 569 3241 quibus
580 3161 670 3220 bostis
685 3181 717 3221 se
726 3163 851 3239 palmam
862 3164 1020 3223 relaturum
1034 3181 1135 3242 spera·
1219 3216 1225 3227 .

99 3258 122 3310 it
132 3248 329 3329 gloriabatur.
377 3247 414 3306 llt
437 3244 534 3303 videre
556 3253 602 3302 est
627 3247 657 3305 in
675 3245 786 3317 b‘bello,
816 3265 896 3326 quem
911 3247 1134 3327 nuncupavimus

99 3335 220 3393 nisano
236 3331 368 3409 Pri'neipi
388 3347 424 3388 ae
440 3328 691 3388 Dominollomino
715 3331 838 3409 Georgia
854 3329 1023 3392 Marcbioni
1038 3332 1135 3390 Bran·

99 3418 223 3495 urgensi
246 3427 300 3476 cte.
320 3413 479 3495 flagitante
496 3410 529 3470 id
554 3426 574 3470 a
609 3412 692 3473 nobis
703 3430 845 3503 gcnfroso
869 3413 990 3475 domino
1014 3414 1134 3474 Domino

99 3501 166 3560 ·ado
180 3501 216 3559 de
234 3499 362 3577 liragek.

106 3585 282 3645 Praesertim
308 3590 401 3643 autem
423 3579 493 3659 quid
514 3581 669 3640 sentimus
690 3581 725 3639 de
750 3580 963 3652 simoninus,
989 3579 1136 3658 baptismo

99 3660 180 3728 uena
197 3667 319 3738 llomibii,
342 3667 390 3726 liic
406 3663 528 3723 candide
546 3672 578 3721 ct
590 3672 690 3742 aperte
709 3665 909 3743 explicuimus,
933 3672 963 3723 et
978 3680 1034 3722 non
1053 3662 1135 3720 mado

99 3770 199 3812 oerum
222 3753 252 3810 in
271 3742 365 3809 libello
385 3750 470 3807 ctiam
490 3747 585 3806 aedito
601 3745 712 3823 pridem
729 3764 747 3804 a
763 3746 846 3806 nobis
862 3755 965 3806 contra
988 3743 1135 3806 Tbabroa-

99 3855 101 3864 ¹
123 3854 174 3894 scu
188 3835 369 3904 Li‘lecienses,
391 3833 471 3891 clare
485 3840 515 3889 et
525 3830 690 3907 simpliciter
697 3826 789 3907 fidem
802 3839 929 3890 nostram
943 3826 1136 3907 exponendam

99 3920 199 3990 omos,
222 3918 309 3978 nullis
329 3913 511 3997 anfractibus
526 3922 578 3971 aut
597 3910 690 3970 uerbis
708 3910 854 3984 obscuris,
877 3912 944 3970 liui‘c
968 3910 1140 3971 tractationi

99 4003 198 4073 iectu,
221 4002 377 4061 usi'snmus
398 3997 620 4058 communissima
634 3995 742 4075 pbrasi
754 4005 785 4056 et
801 3998 921 4066 usitata,
942 4012 998 4073 quo
1012 3989 1138 4070 facilius

99 4086 257 4164 ligeremur
274 4084 312 4144 ab
329 4082 466 4142 omnibus.

115 4172 283 4248 Quanquam
304 4176 397 4226 autem
423 4166 495 4224 baec
518 4162 611 4222 omnia
633 4161 785 4222 secundum
808 4160 978 4238 Scripturas
995 4158 1138 4237 congessi-

99 4299 101 4310 .
127 4273 183 4333 quo
199 4253 242 4313 sic
258 4251 379 4311 liostium
393 4251 486 4310 animi
496 4247 750 4327 praemolirentur,
775 4254 809 4306 ut
824 4243 872 4304 cel
888 4243 942 4301 boc
957 4241 1063 4303 darent
1075 4242 1140 4319 glo·

113 4337 232 4412 Clri'sti,
254 4354 290 4398 ne
308 4353 360 4396 nos
372 4333 494 4414 postiae
514 4331 574 4392 sui's
591 4328 752 4392 maledictis
762 4323 1001 4410 procumberent:
1028 4327 1078 4388 m‘a
1094 4334 1139 4386 ta-
