2648 4928
155 298 209 377 18
335 262 338 269 ¹
397 302 586 399 zmnghi
609 301 774 395 expositio
805 262 887 373 chr.
917 298 1007 371 host

111 506 115 513 ·
157 479 295 579 qsottidie
312 500 437 565 percas,
456 502 520 545 eom
539 492 633 542 nmen
653 477 790 562 quottidie
807 477 844 540 ad
865 489 984 541 mortem
1003 495 1157 560 properea.
1198 474 1213 543 1

157 570 231 631 hanc
254 566 340 628 vion
363 568 421 628 alia
438 577 502 639 eat,
534 586 599 626 nam
621 563 760 646 quemodo
787 565 834 625 hie
861 565 971 625 enimus
998 582 1054 643 qno
1076 562 1124 622 bic
1149 580 1213 644 pras

31 644 35 653 ’
111 649 399 797 eremi:
418 645 1213 794 ruteltttettrtl·szthztm·⁰it

157 820 247 899 igitur
265 836 329 887 cum
350 818 389 877 sit
411 802 526 877 animae'
542 816 620 888 vita,
650 816 806 895 qualisnam
827 833 908 875 mese
932 814 1073 875 animulae
1097 826 1213 877 usoveal

158 901 225 964 esti
244 902 333 963 foelix
352 920 388 960 an
411 898 537 961 misera?
576 898 742 979 Explorabo
762 909 792 958 et
813 899 952 978 inquiram
969 899 1056 957 uitam
1072 918 1164 959 meam
1180 904 1213 961 ιΙ

158 985 244 1065 digna
269 985 325 1056 sit,
355 984 466 1044 loelicis
488 1003 524 1042 se
547 984 678 1042 miserae.
724 982 783 1042 Hie
809 992 857 1054 te,
886 1001 950 1041 com
977 990 1084 1041 tantum
1114 980 1213 1045 exerti

28 1116 31 1121 -
159 1088 258 1130 eorum
278 1066 389 1128 ridebis
409 1086 482 1148 quaa
501 1085 538 1126 ex
554 1065 714 1126 adfectibus
734 1075 764 1125 et
784 1063 938 1145 cupiditate
958 1065 1087 1125 homiues
1107 1066 1213 1127 tamne

158 1152 269 1225 lomus,
300 1149 403 1211 horror
428 1149 563 1223 invadet,
590 1160 642 1223 ut,
669 1148 743 1229 quod
769 1149 805 1210 ad
827 1160 901 1208 tuam
924 1149 1057 1209 iustitiam
1080 1167 1114 1210 ec
1135 1149 1213 1211 ionas

157 1237 225 1296 tiam
255 1232 397 1314 pertla'et,
431 1244 479 1293 too
502 1244 531 1293 te
560 1232 666 1292 iudicio
688 1244 824 1293 aeternae
850 1230 1014 1291 foelicitatis
1040 1229 1213 1310 indign-,nn

157 1318 299 1391 nuncies,
328 1326 360 1377 et
384 1336 501 1396 prorsos
530 1316 567 1376 de
594 1316 643 1376 ills
670 1315 818 1395 desperes.
868 1313 941 1375 Com
963 1316 1075 1395 inquam
1096 1316 1140 1375 sie
1159 1334 1213 1377 aa

158 1412 282 1463 mentem
303 1409 378 1460 tuom
397 1401 439 1460 sie
460 1399 615 1472 solaberis,
636 1397 718 1459 Deos
735 1400 903 1471 bonusest,
928 1399 975 1478 qni
996 1399 1150 1459 bonusest
1169 1399 1213 1461 11

43 1508 49 1519 ’
109 1488 192 1554 hbet
209 1481 424 1565 misericordem
445 1493 493 1543 aut
512 1502 631 1564 aequom
653 1479 719 1543 esse
744 1491 866 1562 opertet.
908 1480 984 1541 Nam
1005 1483 1112 1543 institia
1140 1483 1203 1545 sias

158 1568 266 1650 puritate
284 1566 331 1627 vei
348 1565 544 1627 misericordia
560 1586 667 1627 snmms
684 1566 786 1627 iniuria
799 1574 855 1627 eat.
895 1564 1103 1641 Misericordia
1114 1564 1213 1627 sineh

158 1654 218 1725 tia,
248 1650 440 1730 negligentia,
468 1650 584 1711 lascivia
610 1661 639 1711 et
664 1651 755 1709 omnis
778 1648 942 1728 disciplinae
969 1649 1072 1709 solutio
1099 1660 1156 1709 eet.
1195 1654 1213 1707 1

74 1795 80 1807 ,
159 1754 232 1815 ergo
251 1734 340 1795 iustos
369 1734 407 1793 ait
427 1732 517 1806 deus,
549 1751 670 1794 necesse
690 1743 736 1792 est
755 1742 787 1792 nt
806 1733 868 1791 cios
889 1734 1013 1792 iustitiae
1040 1753 1093 1813 pro
1119 1732 1192 1793 meis

160 1819 269 1880 leribus
286 1817 416 1878 satisfiet.
454 1817 526 1877 Com
542 1818 580 1876 sit
600 1816 782 1888 misericors,
806 1835 927 1877 necesse
948 1826 993 1877 est
1009 1826 1040 1875 ut
1060 1815 1097 1877 de
1117 1816 1213 1894 vertit

161 1900 323 1981 desperem.
365 1899 488 1961 Istorum
508 1901 654 1980 utriusque
675 1901 778 1978 pignus
797 1898 889 1959 habeo
909 1899 1077 1971 intsttihih,
1099 1901 1213 1979 origen

161 1987 225 2047 eins
245 1985 332 2045 hlium
355 1982 497 2045 domino·
519 1994 646 2044 nostrum
663 1983 758 2043 lesam
784 1982 952 2055 Christum,
981 2002 1063 2063 quem
1091 2002 1130 2043 ex
1159 1984 1213 2045 nh

161 2066 260 2131 cordia
283 2068 365 2128 nebia
382 2067 496 2129 donavit
516 2077 547 2127 nt
562 2077 661 2127 noster
679 2077 767 2126 essct.
811 2066 864 2126 lile
885 2086 954 2127 uero
971 2086 1037 2126 sese
1057 2067 1132 2145 patri
1152 2084 1213 2145 prm

160 2152 208 2213 his
223 2151 323 2212 obtulit
340 2170 396 2232 qno
411 2162 557 2212 aeternam
574 2151 637 2210 eius
654 2150 787 2209 iustitiam
806 2149 943 2228 piscaret.
979 2148 1020 2209 Ut
1037 2151 1080 2209 sie
1097 2148 1173 2210 certi
1187 2168 1213 2211 ι

162 2234 200 2297 de
221 2233 435 2308 misericordia,
466 2233 551 2294 etde
573 2235 720 2293 criminum
747 2234 910 2313 expiatione
936 2232 1011 2292 illius
1037 2234 1166 2294 institiae

161 2337 289 2463 titt?
309 2319 397 2461 'lh
412 2318 1213 2479 lt:llttssttt‘tttetttttittt'

162 2486 209 2546 ais
230 2483 337 2563 erigis,
370 2482 432 2545 Cor
458 2502 571 2545 moeres
595 2486 689 2544 anime
711 2482 770 2542 mil
810 2480 893 2543 Deos
923 2484 970 2562 qui
998 2483 1074 2543 solus
1101 2484 1213 2545 bestiti

162 2567 250 2641 ditat,
274 2578 336 2626 tuos
357 2578 444 2628 estet
458 2579 487 2626 tu
505 2554 580 2627 illius
595 2586 637 2626 es.
678 2564 751 2627 Nem
768 2586 830 2625 com
843 2568 905 2626 eius
923 2584 1004 2627 esses
1022 2586 1093 2645 opus
1108 2578 1139 2627 et
1153 2566 1213 2627 tiae

160 2662 285 2714 atumem
306 2650 417 2712 scelere
437 2652 590 2732 periisses,
612 2651 698 2710 lilium
722 2670 801 2709 soum
823 2647 858 2709 ed
880 2660 909 2708 te
930 2651 1006 2710 misit
1023 2653 1121 2729 tuique
1142 2648 1213 2711 sini

163 2745 246 2797 extra
265 2746 432 2814 peccatum,
455 2735 539 2804 lecit,
562 2735 710 2814 quotanti
731 2734 828 2794 fratris
848 2752 882 2793 ae
903 2735 974 2792 socii
987 2735 1049 2792 iure
1070 2753 1105 2794 ac
1127 2732 1213 2813 prisii

162 2819 266 2890 heles,
289 2819 432 2899 postolare
452 2820 536 2881 etiam
550 2829 695 2878 aeternam
712 2817 830 2877 salutem
847 2814 953 2876 audeas
974 2828 1021 2876 tuo
1037 2818 1092 2876 iam
1110 2814 1213 2878 veluti

161 2901 236 2978 Quia
257 2922 302 2963 me
323 2901 443 2963 doemon
464 2912 573 2962 terreat
595 2912 626 2962 ut
647 2920 709 2960 eum
733 2911 873 2972 metuam,
899 2920 982 2979 qoem
1004 2902 1028 2960 is
1041 2900 1109 2960 mibi
1126 2902 1213 2980 o'pitu

162 2984 257 3045 adsit?
283 2987 347 3065 quis
368 2987 436 3045 mihi
458 2985 564 3045 adimet
583 2982 656 3064 quod
684 2982 753 3042 deus
776 2984 837 3061 ipse
861 2981 997 3065 donavit,
1027 2994 1057 3042 et
1078 2985 1183 3062 pignos

107 3114 110 3121 .
160 3069 357 3147 iussoremqoe
380 3069 465 3127 hlium
487 3065 687 3126 soomdcdit‘?
728 3064 779 3124 Sic
800 3068 911 3144 inquam
931 3085 994 3124 cum
1016 3066 1132 3127 Christo
1155 3079 1213 3130 tet

161 3152 223 3221 ris,
256 3150 311 3209 iam
335 3150 519 3227 spiritualiter
538 3168 640 3225 corpus
663 3149 725 3207 eius
746 3147 824 3219 edis,
855 3148 907 3207 hoc
928 3158 990 3220 est,
1019 3149 1143 3212 bominis
1163 3168 1213 3231 pro

161 3244 191 3294 te
208 3231 347 3311 adsumpti
367 3231 469 3293 lidueis
489 3232 696 3310 imperterritus
710 3232 738 3291 in
758 3229 813 3291 deo
830 3241 889 3291 stas
909 3244 1008 3293 contra
1028 3235 1122 3295 omnia
1142 3233 1213 3316 desp

161 3316 248 3377 tionis
269 3315 336 3374 tela.
1155 3364 1158 3370 .

111 3399 154 3463 61
223 3398 331 3459 Verum
349 3417 412 3459 cum
427 3394 463 3458 sd
484 3415 601 3457 coenam
624 3394 730 3458 domini
750 3418 814 3459 com
832 3399 885 3459 hec
904 3400 1041 3478 spirituali
1060 3399 1213 3462 manducati

161 3483 244 3543 vonis
265 3492 296 3543 et
316 3480 430 3543 domino
458 3482 564 3560 gratias
591 3482 653 3558 agis
681 3502 733 3562 pro
758 3493 835 3543 tanto
863 3482 1021 3555 beneficio,
1051 3504 1104 3564 pro
1125 3484 1212 3546 animi

161 3566 344 3639 liberatione,
363 3585 418 3646 qua
431 3565 610 3624 liberatores
624 3562 858 3640 adesperationis
872 3568 1009 3645 pernicie,
1033 3580 1064 3627 et
1078 3588 1129 3647 pro
1143 3570 1213 3648 pigno

73 3706 77 3713 .
162 3669 219 3728 qao
231 3659 327 3709 certus
344 3669 377 3711 es
394 3645 430 3710 de
448 3658 566 3709 aeterna
580 3648 773 3720 beatitudine,
794 3670 829 3709 ac
845 3650 928 3709 simul
942 3670 1002 3710 conr
1022 3652 1157 3711 iratribus
1176 3671 1213 3729 pe

161 3742 193 3792 et
213 3733 326 3805 vinum,
356 3752 428 3813 quae
451 3733 506 3792 iem
535 3731 719 3811 symbolicum
740 3732 848 3791 Christi
876 3753 979 3813 corpus
1000 3746 1085 3806 sont,
1110 3736 1213 3814 pertici!

161 3815 217 3876 iam
235 3817 350 3896 propria
368 3816 611 3877 sacramentaliter
628 3814 705 3887 edis,
729 3837 791 3876 eum
807 3817 917 3876 scilieet
938 3819 1012 3876 intus
1029 3817 1103 3877 idem
1120 3819 1183 3897 agis
1200 3840 1213 3899 q

163 3899 235 3959 foria
251 3901 399 3977 opereris,
420 3920 483 3959 cum
496 3918 575 3958 meos
594 3900 720 3960 reficitur
736 3900 789 3959 hae
808 3899 863 3959 fide
880 3920 962 3980 quem
979 3901 1115 3982 symbolis
1130 3912 1213 3963 testae

113 3981 156 4044 67
244 3981 287 4043 At
308 3983 554 4043 sacramentaliter
571 3984 724 4061 improprie
745 3982 878 4044 dicuntur
898 3982 1005 4056 edere,
1026 3986 1073 4065 qui
1095 3984 1210 4047 visibile

163 4077 337 4127 crementum
359 4071 419 4127 siue
439 4066 594 4146 symbolum
618 4066 730 4145 publice
750 4066 862 4146 quidem
883 4066 1050 4138 comedunt,
1072 4067 1124 4126 aed
1147 4066 1211 4129 dom

163 4147 227 4209 dem
240 4171 295 4210 non
317 4151 433 4212 babent.
477 4150 518 4209 tlt
542 4170 613 4228 ergo
632 4149 778 4220 iudicium,
801 4149 856 4211 hoe
876 4161 932 4221 est,
956 4150 1106 4211 uindictam
1130 4149 1213 4212 deic

163 4229 274 4291 edendo
303 4236 329 4293 in
353 4256 385 4293 se
412 4244 578 4312 provocent,
601 4252 637 4292 co
663 4232 736 4313 quod
757 4253 860 4313 eorpus
887 4231 1008 4305 Christi,
1033 4234 1087 4294 hoc
1104 4246 1161 4305 est,
1187 4246 1213 4294 to

164 4316 364 4378 incarnationis
385 4317 581 4399 passionisque
606 4318 791 4396 mysterium,
814 4328 898 4396 atque
918 4314 990 4377 odeo
1011 4319 1161 4379 ecelesiam
1186 4320 1213 4400 ip
