2648 4928
135 327 147 351 ‘
224 317 298 392 198
571 309 764 387 consensus
789 316 984 410 Tigurinum
1054 300 1057 305 ¹

225 504 278 585 qui
283 498 399 561 student
410 496 518 557 idoneis
530 496 690 556 rationibus
704 494 876 579 ffcnsiones
890 498 990 557 tollere
1004 505 1033 555 et
1046 492 1219 575 lahiffactam
1229 492 1316 573 pand

225 596 311 665 atipue
325 581 561 660 tranquilh'tatem
575 581 721 639 Ecclesiae
733 582 911 651 instaurare,
934 581 1000 639 dum
1016 578 1211 638 Christianam
1225 574 1316 637 doeh*

131 708 135 725 .
224 687 291 730 nam
311 664 436 744 simplici
452 673 481 723 et
497 671 635 723 accurata
652 664 844 742 explicatione
865 665 957 741 mogi‘s
972 662 1121 740 magisque
1139 660 1277 721 illustrem
1288 670 1316 721 Ι

222 753 340 831 planam
359 746 482 809 reddere
501 746 633 807 nituntur
648 757 676 806 et
693 764 782 807 uanas
796 746 939 825 opiniones
952 744 1113 805 discordiae
1129 744 1257 803 enomere
1267 740 1316 805 d

227 837 291 904 mis,
314 842 347 891 at
359 850 407 890 eos
425 831 522 901 etiam,
545 831 597 909 qni
609 830 703 890 oerhis
725 841 757 890 et
777 832 923 889 sententiis
943 828 1075 888 nonnihil
1090 824 1316 897 desiderum*

226 936 338 984 ueram,
363 915 481 974 solidam
502 923 533 971 et
556 922 684 973 sanctam
700 913 880 983 concordiam
904 914 1051 973 reducere.
1103 913 1316 979 Caeterum!

222 1000 418 1081 publicatione
437 998 550 1075 scri'pti,
572 1015 627 1075 quo
647 1007 776 1057 nostruin
792 1015 955 1056 consensum
970 996 1051 1055 clare
1067 995 1173 1054 testari
1182 993 1316 1063 oolam.

223 1085 284 1163 piis
302 1085 386 1140 iusta
403 1090 431 1139 et
445 1080 620 1138 aduersariis
636 1082 777 1151 ueritatis,
804 1098 865 1141 erim
878 1098 1024 1159 speremus
1031 1074 1178 1156 fructum,
1201 1072 1316 1155 quen

228 1165 349 1244 epistola
360 1175 409 1223 tua
424 1165 572 1233 omiiioris,
586 1161 673 1242 sacto
685 1166 740 1223 iam
751 1162 882 1242 periculo
894 1163 1082 1221 adducimuri
1104 1156 1316 1239 namsorinsh

228 1258 344 1308 mictnae
357 1256 474 1307 nostros
490 1248 688 1306 Consensionis
701 1244 860 1323 adsratres
879 1248 990 1325 ali'quot
1006 1245 1226 1313 transmisimus,
1246 1236 1316 1315 affl

230 1332 409 1390 sahihuimus
423 1331 533 1406 alipiiot
551 1330 632 1402 uiris,
658 1332 801 1391 Christum
819 1338 848 1389 et
866 1333 1013 1390 ueritatem
1027 1326 1224 1406 diligentibus,
1242 1328 1316 1415 q

230 1415 369 1492 imperitis
385 1432 481 1472 rerum
494 1432 656 1485 sacrarum,
680 1414 732 1493 qui
745 1434 803 1472 non
817 1416 898 1472 modo
911 1413 1192 1489 cognoreruntintcr
1204 1426 1257 1467 ses

229 1500 327 1557 oenire
346 1499 376 1556 i'n
391 1497 428 1554 i'i's
445 1495 535 1554 etiam
550 1498 702 1573 capitibus,
724 1499 754 1556 in
767 1497 868 1576 quihus
885 1499 1023 1555 hactenus
1039 1495 1194 1553 multorum
1206 1420 1316 1571 affl

231 1581 423 1650 dissensimus,
449 1578 503 1637 sed
512 1582 597 1638 etiam
610 1582 727 1657 gratim
739 1591 860 1658 egerunt
875 1581 989 1641 Christo
1007 1578 1168 1649 Scroatori,
1190 1578 1316 1635 aena!

230 1682 282 1723 nos
297 1664 325 1721 in
341 1665 401 1723 Itea
416 1665 576 1721 etueritote
587 1666 757 1732 consentire,
780 1681 966 1741 magnamque
978 1681 1054 1741 spem
1070 1661 1213 1720 uberioris
1215 1656 1316 1737 srssfl

231 1748 262 1805 in
277 1747 407 1806 Ecclesia
415 1746 541 1823 polliciti
550 1756 626 1806 sunt.
659 1750 825 1824 Orionquam
845 1747 978 1805 nonnulli
989 1746 1175 1823 copiosiorem
1186 1738 1316 1802 trad*

232 1848 295 1888 nem
314 1830 398 1889 huius
413 1831 580 1905 argumenti
590 1831 624 1889 oh
639 1831 756 1908 ingenia
776 1830 913 1908 piioedom
929 1830 1148 1905 ilespderooere,
1168 1826 1221 1904 qut
1235 1820 1316 1883 d

232 1914 354 1972 consilio
371 1921 471 1983 nostro
490 1912 569 1970 haud
585 1914 618 1971 di
649 1915 703 1972 cile
721 1914 898 1972 admiserunt
911 1910 1149 1990 satisfactionem.
1197 1910 1316 1987 ann-

141 2058 146 2067 ,
233 1998 305 2055 enim
315 1994 699 2072 ottinchatplurihusverbis
709 1999 880 2065 edisserere,
896 1999 983 2054 heum
1000 2014 1061 2054 csse
1073 1992 1316 2053 anthemusia*

231 2089 389 2138 mentorum
404 2087 433 2136 et
447 2095 481 2136 ea
496 2081 653 2139 instituisse
669 2080 804 2159 legitimis
823 2079 972 2139 Ecclesiae
976 2079 1064 2156 filiis,
1088 2074 1262 2157 quotquoss)
1272 2068 1316 2133 fl

211 2212 214 2217 .
236 2181 256 2221 n
279 2163 394 2222 Christo
412 2162 559 2221 Ecclesiae
584 2164 693 2222 tradita
716 2166 905 2224 Sacramenta
931 2172 983 2239 aut
1000 2178 1073 2240 quoe
1094 2163 1212 2221 inmota
1226 2140 1316 2217 istd

235 2243 405 2315 hominihus,
426 2263 500 2323 quae
513 2247 571 2305 sint
584 2257 685 2325 partes
697 2249 957 2315 Sacramentorum,
975 2254 1027 2305 aut
1037 2262 1092 2322 quo
1105 2245 1182 2317 loco,
1202 2216 1316 2325 ’.ὦ

229 2346 315 2407 pore,
339 2346 396 2406 quo
418 2330 606 2389 instrumento
627 2348 712 2388 sacro
723 2331 833 2408 peragi
851 2330 1001 2388 conveniat
1017 2327 1168 2407 mysteria,
1191 2326 1222 2387 in
1234 2316 1316 2405 pl!

235 2421 265 2469 et
279 2412 346 2471 aliis
366 2411 512 2470 nonnullis
524 2412 556 2469 id
568 2432 660 2490 genus
674 2413 816 2492 eapitihns
832 2413 938 2471 nullam
952 2411 1050 2492 fuisse
1068 2412 1146 2468 inter
1153 2406 1316 2485 nososlp

234 2496 304 2553 ciem
319 2504 349 2553 et
364 2494 491 2553 unihram
506 2496 689 2555 dissensionis
705 2499 776 2555 satis
787 2496 914 2573 prohant
934 2496 1004 2556 tihri
1011 2494 1091 2562 editi,
1115 2512 1189 2571 quos
1201 2492 1316 2571 sulp!

235 2588 363 2655 captores
384 2579 493 2651 nostri,
512 2581 579 2657 piac
592 2590 768 2658 sanctaeque
788 2582 953 2649 memoriae,
984 2580 1030 2638 ucl
1042 2577 1100 2655 ipsi
1123 2570 1316 2654 scripsimus&

235 2664 440 2721 Sacramentis.
488 2666 609 2736 Verum,
633 2666 668 2722 dc
693 2664 843 2742 comioroli'
854 2666 964 2723 Christi
979 2662 1094 2722 ltomi'ni
1109 2654 1316 2737 praesentim

234 2749 363 2822 genuina
382 2749 524 2805 sententia
543 2750 697 2808 cci-horum
721 2749 893 2817 solennium,
925 2749 960 2804 dc
983 2746 1202 2804 manducatione
1216 2738 1316 2821 corpfll'

239 2830 357 2900 Christi,
380 2830 493 2907 dcstnc,
516 2832 550 2890 dc
568 2854 620 2891 usic
632 2843 661 2890 ct
673 2832 778 2913 cffictu
792 2835 1042 2890 Sacramentorum
1059 2831 1103 2904 (in
1124 2829 1227 2905 qiu'hus
1239 2822 1316 2904 esp'fl'

237 2912 290 2971 hus
316 2915 401 2972 multi
414 2916 618 2975 cristianorum
639 2917 777 2974 hactcnus
798 2917 954 2994 confligere
977 2922 1090 2972 nostras
1109 2914 1267 2971 sententias
1280 2922 1316 2967 u

236 3005 315 3053 certe
329 2996 433 3075 uerho)
456 3007 513 3054 tam
532 3003 661 3076 copiose,
685 3009 741 3057 tam
758 3001 845 3075 plane
860 3009 890 3056 ct
907 3000 1073 3075 siniph'citer
1086 2997 1180 3053 loculi
1197 3008 1316 3054 summ

236 3096 383 3154 speremus
398 3080 523 3137 homines
535 3083 676 3139 studiosos
693 3092 749 3140 tuin
751 3079 908 3158 fraternae
922 3082 1092 3139 concordiae
1105 3088 1164 3137 tum
1176 3076 1316 3156 pcrspies!

237 3162 369 3219 cecitatis
386 3181 442 3219 non
455 3164 677 3239 dcspilcratnros
691 3184 753 3221 ossc
769 3166 800 3221 in
816 3168 924 3241 scripto
943 3175 1041 3222 nostro
1055 3165 1102 3221 oet
1114 3165 1226 3238 copiam
1243 3158 1316 3218 sein

238 3263 298 3301 rem
310 3246 459 3304 orationis.
504 3249 603 3325 Neque
622 3245 776 3324 diffidimus
791 3252 857 3324 qiiin
878 3251 999 3306 aliarum
1024 3266 1133 3324 qiioqnc
1152 3246 1316 3303 Ecclesiam

241 3328 353 3384 Christi
358 3347 413 3404 per
424 3328 585 3389 Heluetium
602 3330 825 3409 iiiini'strisocilc
838 3333 1043 3408 agniturisint,
1059 3350 1121 3387 eam
1136 3330 1228 3406 ipsam
1239 3326 1316 3385 docti!

239 3428 304 3466 nam
321 3408 356 3466 de
372 3412 566 3472 Sucronensis
586 3432 638 3471 nos
658 3414 842 3491 cmpressisse,
866 3434 937 3491 quae
956 3416 1051 3471 oiiiltis
1068 3416 1124 3471 iam
1150 3413 1316 3488 aninspopsl

241 3492 405 3550 Christiano
418 3495 536 3571 uulgata
550 3508 592 3555 cst
599 3520 612 3567 ,-
636 3508 724 3576 utque
739 3500 767 3555 i'n
785 3500 905 3556 ueritate
917 3497 1046 3577 consessa
1061 3499 1176 3554 minime
1188 3494 1307 3571 gentium

238 3573 320 3632 nohis
339 3577 516 3653 discrepent.-
541 3581 572 3637 id
585 3581 660 3658 quod
670 3583 841 3661 pollicemur
862 3582 957 3650 nohis,
981 3600 1036 3639 non
1055 3582 1115 3638 sinc
1130 3572 1316 3656 magnisrsts's

240 3658 335 3727 nihus,
359 3659 394 3715 te
402 3663 459 3736 piis
474 3663 600 3721 omnihus
611 3684 665 3741 per
679 3665 826 3724 Ecclesins
841 3666 963 3723 ali'iiruin
979 3668 1137 3723 notionum.

323 3743 436 3819 Siquis
453 3755 544 3804 lainen
562 3749 762 3807 evidentiorem
777 3753 1028 3809 Sacramentornin
1049 3748 1266 3825 esplicationem
1274 3750 1316 3819 p!

242 3824 354 3896 tulerit,
376 3828 515 3885 malumus
533 3849 566 3887 ca
585 3832 646 3908 ipsa
669 3835 785 3892 uticum
796 3834 854 3911 piis
865 3832 1003 3902 oiinii'hns,
1028 3851 1111 3910 quam
1130 3828 1250 3888 hortari
1261 3832 1316 3883 sss!

242 3908 379 3985 hpiainem
398 3920 433 3967 ut
445 3911 607 3972 siihscri'hot
625 3925 742 3974 nostrae
761 3917 947 3993 consensioni,
970 3919 998 3974 in
1015 3934 1070 3994 qnia
1088 3916 1316 3991 Scriptorum

242 4000 307 4049 ctae
319 3992 406 4051 uci‘ha
420 4000 626 4072 usurpavimus,
648 4010 679 4058 et
697 4002 887 4079 expressimus
907 4011 973 4078 apto
987 4020 1041 4077 qino
1062 4018 1147 4057 sensu
1163 3996 1316 4075 accipiam

242 4083 273 4133 et
296 4094 357 4133 cum
376 4077 506 4137 Ecclesia
526 4082 675 4141 Catholisa
694 4102 747 4143 nos
755 4083 860 4164 facere
876 4103 933 4163 pro
955 4084 1180 4162 canipertissi'ino
1203 4078 1316 4139 hahes!

311 4322 340 4391 b)
356 4329 462 4395 numque
477 4323 527 4377 Ed.
545 4324 647 4380 Ganos.
665 4343 690 4380 n.
709 4328 783 4384 1617.
