<?xml version="1.0" encoding="UTF-8"?>
<!DOCTYPE html PUBLIC "-//W3C//DTD XHTML 1.0 Transitional//EN"
    "http://www.w3.org/TR/xhtml1/DTD/xhtml1-transitional.dtd">
<html xmlns="http://www.w3.org/1999/xhtml" xml:lang="en" lang="en">
 <head>
  <title>
</title>
<meta http-equiv="Content-Type" content="text/html;charset=utf-8" />
  <meta name='ocr-system' content='tesseract 3.04.00' />
  <meta name='ocr-capabilities' content='ocr_page ocr_carea ocr_par ocr_line ocrx_word'/>
</head>
<body>
  <div class='ocr_page' id='page_1' title='image "./collectioconfes00niemgoog/collectioconfes00niemgoog_0013.png"; bbox 0 0 2648 4928; ppageno 0'>
   <div class='ocr_carea' id='block_1_1' title="bbox 104 402 1316 1450">
    <p class='ocr_par' dir='ltr' id='par_1_1' title="bbox 104 402 1316 1450">
     <span class='ocr_line' id='line_1_1' title="bbox 175 402 1272 497; baseline -0.006 -20"><span class='ocrx_word' id='word_1_1' title='bbox 175 433 237 497; x_wconf 86' lang='lat' dir='ltr'><strong>que</strong></span> <span class='ocrx_word' id='word_1_2' title='bbox 263 408 392 474; x_wconf 87' lang='lat' dir='ltr'><strong>comiter</strong></span> <span class='ocrx_word' id='word_1_3' title='bbox 412 406 591 472; x_wconf 86' lang='lat' dir='ltr'><strong>monstrasti</strong></span> <span class='ocrx_word' id='word_1_4' title='bbox 609 405 706 486; x_wconf 75' lang='lat' dir='ltr'><strong>uam,</strong></span> <span class='ocrx_word' id='word_1_5' title='bbox 735 425 811 486; x_wconf 84' lang='lat' dir='ltr'><strong>qus,</strong></span> <span class='ocrx_word' id='word_1_6' title='bbox 840 425 933 487; x_wconf 84' lang='lat' dir='ltr'><strong>quum</strong></span> <span class='ocrx_word' id='word_1_7' title='bbox 954 424 1057 489; x_wconf 88' lang='lat' dir='ltr'><strong>neque</strong></span> <span class='ocrx_word' id='word_1_8' title='bbox 1078 402 1117 466; x_wconf 92' lang='lat' dir='ltr'><strong>ad</strong></span> <span class='ocrx_word' id='word_1_9' title='bbox 1137 406 1272 489; x_wconf 67' lang='lat' dir='ltr'><strong>spinosos</strong></span> 
     </span>
     <span class='ocr_line' id='line_1_2' title="bbox 104 511 1271 595; baseline -0.007 -12"><span class='ocrx_word' id='word_1_10' title='bbox 104 548 112 559; x_wconf 91' lang='lat'><em>·</em></span> <span class='ocrx_word' id='word_1_11' title='bbox 176 528 211 584; x_wconf 85' lang='lat' dir='ltr'><strong>et</strong></span> <span class='ocrx_word' id='word_1_12' title='bbox 239 515 364 581; x_wconf 85' lang='lat' dir='ltr'><strong>steriles</strong></span> <span class='ocrx_word' id='word_1_13' title='bbox 391 515 673 578; x_wconf 83' lang='lat' dir='ltr'><strong>recentissimorum</strong></span> <span class='ocrx_word' id='word_1_14' title='bbox 705 511 960 595; x_wconf 88' lang='lat' dir='ltr'><strong>philosophorum</strong></span> <span class='ocrx_word' id='word_1_15' title='bbox 985 533 1108 594; x_wconf 88' lang='lat' dir='ltr'><strong>campos</strong></span> <span class='ocrx_word' id='word_1_16' title='bbox 1139 512 1271 575; x_wconf 85' lang='lat' dir='ltr'><strong>deducat</strong></span> 
     </span>
     <span class='ocr_line' id='line_1_3' title="bbox 178 618 1273 713; baseline -0.007 -24"><span class='ocrx_word' id='word_1_17' title='bbox 178 634 270 708; x_wconf 68' lang='lat' dir='ltr'><strong>utque</strong></span> <span class='ocrx_word' id='word_1_18' title='bbox 296 625 333 685; x_wconf 83' lang='lat' dir='ltr'><strong>ab</strong></span> <span class='ocrx_word' id='word_1_19' title='bbox 353 618 616 702; x_wconf 77' lang='lat' dir='ltr'>inexplicabilibus</span> <span class='ocrx_word' id='word_1_20' title='bbox 642 620 833 699; x_wconf 76' lang='lat' dir='ltr'><strong>ambagibus,</strong></span> <span class='ocrx_word' id='word_1_21' title='bbox 861 621 969 699; x_wconf 85' lang='lat' dir='ltr'><strong>quibus</strong></span> <span class='ocrx_word' id='word_1_22' title='bbox 990 621 1081 681; x_wconf 89' lang='lat' dir='ltr'><strong>huius</strong></span> <span class='ocrx_word' id='word_1_23' title='bbox 1102 621 1212 713; x_wconf 84' lang='lat' dir='ltr'><strong>aetatis</strong></span> <span class='ocrx_word' id='word_1_24' title='bbox 1233 622 1273 681; x_wconf 90' lang='lat' dir='ltr'><strong>in·</strong></span> 
     </span>
     <span class='ocr_line' id='line_1_4' title="bbox 177 724 1273 816; baseline -0.007 -19"><span class='ocrx_word' id='word_1_25' title='bbox 177 738 334 816; x_wconf 85' lang='lat' dir='ltr'><strong>terpretes</strong></span> <span class='ocrx_word' id='word_1_26' title='bbox 361 725 480 790; x_wconf 79' lang='lat' dir='ltr'><strong>sedicet</strong></span> <span class='ocrx_word' id='word_1_27' title='bbox 505 724 635 788; x_wconf 91' lang='lat' dir='ltr'><strong>subtiles</strong></span> <span class='ocrx_word' id='word_1_28' title='bbox 663 728 777 786; x_wconf 91' lang='lat' dir='ltr'><strong>irretiti</strong></span> <span class='ocrx_word' id='word_1_29' title='bbox 803 733 968 805; x_wconf 88' lang='lat' dir='ltr'><strong>tenentur,</strong></span> <span class='ocrx_word' id='word_1_30' title='bbox 993 724 1174 807; x_wconf 78' lang='lat' dir='ltr'><strong>longissime</strong></span> <span class='ocrx_word' id='word_1_31' title='bbox 1193 728 1273 789; x_wconf 91' lang='lat' dir='ltr'><strong>absit</strong></span> 
     </span>
     <span class='ocr_line' id='line_1_5' title="bbox 180 832 1273 915; baseline -0.007 -11"><span class='ocrx_word' id='word_1_32' title='bbox 180 840 337 915; x_wconf 89' lang='lat' dir='ltr'><strong>omnibus,</strong></span> <span class='ocrx_word' id='word_1_33' title='bbox 374 834 427 913; x_wconf 89' lang='lat' dir='ltr'><strong>qui</strong></span> <span class='ocrx_word' id='word_1_34' title='bbox 461 839 575 894; x_wconf 91' lang='lat' dir='ltr'><strong>metam</strong></span> <span class='ocrx_word' id='word_1_35' title='bbox 604 834 757 912; x_wconf 80' lang='lat' dir='ltr'><strong>attingere</strong></span> <span class='ocrx_word' id='word_1_36' title='bbox 787 834 932 913; x_wconf 87' lang='lat' dir='ltr'><strong>eupiunt,</strong></span> <span class='ocrx_word' id='word_1_37' title='bbox 960 832 1197 913; x_wconf 80' lang='lat' dir='ltr'><strong>ingrediendum</strong></span> <span class='ocrx_word' id='word_1_38' title='bbox 1224 841 1273 896; x_wconf 89' lang='lat' dir='ltr'><strong>esi</strong></span> 
     </span>
     <span class='ocr_line' id='line_1_6' title="bbox 180 939 1274 1047; baseline -0.005 -39"><span class='ocrx_word' id='word_1_39' title='bbox 180 945 244 1011; x_wconf 85' lang='lat' dir='ltr'><strong>Sed</strong></span> <span class='ocrx_word' id='word_1_40' title='bbox 271 961 331 1023; x_wconf 89' lang='lat' dir='ltr'><strong>quo</strong></span> <span class='ocrx_word' id='word_1_41' title='bbox 358 942 459 1001; x_wconf 88' lang='lat' dir='ltr'><strong>minus</strong></span> <span class='ocrx_word' id='word_1_42' title='bbox 483 940 561 1001; x_wconf 89' lang='lat' dir='ltr'><strong>haec</strong></span> <span class='ocrx_word' id='word_1_43' title='bbox 592 939 717 999; x_wconf 89' lang='lat' dir='ltr'><strong>uberius</strong></span> <span class='ocrx_word' id='word_1_44' title='bbox 744 957 913 1047; x_wconf 57' lang='lat' dir='ltr'><strong>persequar</strong></span> <span class='ocrx_word' id='word_1_45' title='bbox 944 939 1077 1037; x_wconf 77' lang='lat' dir='ltr'><strong>impedit</strong></span> <span class='ocrx_word' id='word_1_46' title='bbox 1112 939 1274 1022; x_wconf 78' lang='lat' dir='ltr'><strong>singularis</strong></span> 
     </span>
     <span class='ocr_line' id='line_1_7' title="bbox 180 1043 1273 1135; baseline -0.004 -21"><span class='ocrx_word' id='word_1_47' title='bbox 180 1072 239 1135; x_wconf 84' lang='lat' dir='ltr'><strong>qua</strong></span> <span class='ocrx_word' id='word_1_48' title='bbox 259 1048 310 1111; x_wconf 90' lang='grc' dir='ltr'><strong>Τιι</strong></span> <span class='ocrx_word' id='word_1_49' title='bbox 327 1048 459 1128; x_wconf 76' lang='lat' dir='ltr'><strong>insignis</strong></span> <span class='ocrx_word' id='word_1_50' title='bbox 479 1065 534 1127; x_wconf 86' lang='lat' dir='ltr'><strong>es,</strong></span> <span class='ocrx_word' id='word_1_51' title='bbox 563 1043 726 1115; x_wconf 82' lang='lat' dir='ltr'><strong>modestis.</strong></span> <span class='ocrx_word' id='word_1_52' title='bbox 774 1049 961 1126; x_wconf 67' lang='lat' dir='ltr'><strong>Quamquam</strong></span> <span class='ocrx_word' id='word_1_53' title='bbox 980 1047 1081 1127; x_wconf 69' lang='lat' dir='ltr'><strong>igitur-</strong></span> <span class='ocrx_word' id='word_1_54' title='bbox 1094 1067 1218 1110; x_wconf 85' lang='lat' dir='ltr'><strong>omnem</strong></span> <span class='ocrx_word' id='word_1_55' title='bbox 1236 1068 1273 1110; x_wconf 89' lang='lat' dir='ltr'><strong>re</strong></span> 
     </span>
     <span class='ocr_line' id='line_1_8' title="bbox 180 1134 1316 1236; baseline 0.004 -23"><span class='ocrx_word' id='word_1_56' title='bbox 180 1176 267 1236; x_wconf 80' lang='lat' dir='ltr'><strong>rum,</strong></span> <span class='ocrx_word' id='word_1_57' title='bbox 290 1173 368 1234; x_wconf 88' lang='lat' dir='ltr'><strong>quae</strong></span> <span class='ocrx_word' id='word_1_58' title='bbox 388 1154 448 1214; x_wconf 87' lang='lat' dir='ltr'><strong>huo</strong></span> <span class='ocrx_word' id='word_1_59' title='bbox 468 1154 645 1235; x_wconf 83' lang='lat' dir='ltr'><strong>pertinent,</strong></span> <span class='ocrx_word' id='word_1_60' title='bbox 665 1154 872 1214; x_wconf 78' lang='lat' dir='ltr'><strong>narrationem</strong></span> <span class='ocrx_word' id='word_1_61' title='bbox 891 1154 1197 1235; x_wconf 76' lang='lat' dir='ltr'><strong>praetermittendam</strong></span> <span class='ocrx_word' id='word_1_62' title='bbox 1217 1134 1316 1218; x_wconf 79' lang='lat' dir='ltr'><strong>essiiil</strong></span> 
     </span>
     <span class='ocr_line' id='line_1_9' title="bbox 182 1257 1275 1350; baseline -0.004 -24"><span class='ocrx_word' id='word_1_63' title='bbox 182 1271 274 1350; x_wconf 87' lang='lat' dir='ltr'><strong>puto,</strong></span> <span class='ocrx_word' id='word_1_64' title='bbox 302 1268 407 1323; x_wconf 83' lang='lat' dir='ltr'><strong>tamen</strong></span> <span class='ocrx_word' id='word_1_65' title='bbox 424 1279 488 1321; x_wconf 89' lang='lat' dir='ltr'><strong>non</strong></span> <span class='ocrx_word' id='word_1_66' title='bbox 509 1279 636 1342; x_wconf 87' lang='lat' dir='ltr'><strong>possum</strong></span> <span class='ocrx_word' id='word_1_67' title='bbox 657 1261 732 1339; x_wconf 88' lang='lat' dir='ltr'><strong>quin</strong></span> <span class='ocrx_word' id='word_1_68' title='bbox 759 1257 812 1320; x_wconf 85' lang='lat' dir='ltr'><strong>alii</strong></span> <span class='ocrx_word' id='word_1_69' title='bbox 832 1261 924 1341; x_wconf 87' lang='lat' dir='ltr'><strong>eique</strong></span> <span class='ocrx_word' id='word_1_70' title='bbox 944 1259 1135 1343; x_wconf 83' lang='lat' dir='ltr'><strong>amplissimo</strong></span> <span class='ocrx_word' id='word_1_71' title='bbox 1155 1261 1224 1324; x_wconf 77' lang='lat' dir='ltr'><strong>Tuo</strong></span> <span class='ocrx_word' id='word_1_72' title='bbox 1249 1259 1275 1322; x_wconf 79' lang='lat' dir='ltr'><strong>d=</strong></span> 
     </span>
     <span class='ocr_line' id='line_1_10' title="bbox 183 1354 1276 1450; baseline -0.008 -16"><span class='ocrx_word' id='word_1_73' title='bbox 183 1389 235 1434; x_wconf 84' lang='lat' dir='ltr'><strong>me</strong></span> <span class='ocrx_word' id='word_1_74' title='bbox 260 1370 370 1431; x_wconf 88' lang='lat' dir='ltr'><strong>merito</strong></span> <span class='ocrx_word' id='word_1_75' title='bbox 397 1367 509 1428; x_wconf 86' lang='lat' dir='ltr'><strong>iustam</strong></span> <span class='ocrx_word' id='word_1_76' title='bbox 533 1362 657 1428; x_wconf 83' lang='lat' dir='ltr'><strong>laudem</strong></span> <span class='ocrx_word' id='word_1_77' title='bbox 686 1356 858 1449; x_wconf 79' lang='lat' dir='ltr'><strong>impertiar.</strong></span> <span class='ocrx_word' id='word_1_78' title='bbox 904 1367 1089 1450; x_wconf 78' lang='lat' dir='ltr'><strong>Apartium</strong></span> <span class='ocrx_word' id='word_1_79' title='bbox 1111 1354 1213 1431; x_wconf 88' lang='lat' dir='ltr'><strong>studio</strong></span> <span class='ocrx_word' id='word_1_80' title='bbox 1238 1388 1276 1430; x_wconf 85' lang='lat' dir='ltr'><strong>nu</strong></span> 
     </span>
    </p>
   </div>
   <div class='ocr_carea' id='block_1_2' title="bbox 64 1470 1316 1555">
    <p class='ocr_par' dir='ltr' id='par_1_2' title="bbox 64 1470 1316 1555">
     <span class='ocr_line' id='line_1_11' title="bbox 64 1470 1316 1555; baseline -0.009 -12"><span class='ocrx_word' id='word_1_81' title='bbox 64 1494 70 1503; x_wconf 85' lang='lat'><strong>·</strong></span> <span class='ocrx_word' id='word_1_82' title='bbox 183 1476 348 1555; x_wconf 82' lang='lat' dir='ltr'><strong>revocasti,</strong></span> <span class='ocrx_word' id='word_1_83' title='bbox 370 1492 462 1553; x_wconf 88' lang='lat' dir='ltr'><strong>quum</strong></span> <span class='ocrx_word' id='word_1_84' title='bbox 480 1492 545 1534; x_wconf 91' lang='lat' dir='ltr'><strong>non</strong></span> <span class='ocrx_word' id='word_1_85' title='bbox 561 1471 660 1534; x_wconf 90' lang='lat' dir='ltr'><strong>solum</strong></span> <span class='ocrx_word' id='word_1_86' title='bbox 676 1476 771 1536; x_wconf 84' lang='lat' dir='ltr'><strong>sacris</strong></span> <span class='ocrx_word' id='word_1_87' title='bbox 786 1475 984 1537; x_wconf 78' lang='lat' dir='ltr'><strong>concionibus</strong></span> <span class='ocrx_word' id='word_1_88' title='bbox 1000 1474 1142 1555; x_wconf 86' lang='lat' dir='ltr'><strong>doceres,</strong></span> <span class='ocrx_word' id='word_1_89' title='bbox 1161 1473 1196 1536; x_wconf 93' lang='lat' dir='ltr'><strong>id</strong></span> <span class='ocrx_word' id='word_1_90' title='bbox 1210 1470 1316 1555; x_wconf 54' lang='lat' dir='ltr'><strong>quo&amp;</strong></span> 
     </span>
    </p>
   </div>
   <div class='ocr_carea' id='block_1_3' title="bbox 185 1574 1316 2424">
    <p class='ocr_par' dir='ltr' id='par_1_3' title="bbox 185 1574 1316 2424">
     <span class='ocr_line' id='line_1_12' title="bbox 185 1574 1311 1662; baseline -0.003 -16"><span class='ocrx_word' id='word_1_91' title='bbox 185 1582 275 1649; x_wconf 89' lang='lat' dir='ltr'><strong>multi</strong></span> <span class='ocrx_word' id='word_1_92' title='bbox 305 1581 437 1659; x_wconf 85' lang='lat' dir='ltr'><strong>docent,</strong></span> <span class='ocrx_word' id='word_1_93' title='bbox 464 1598 600 1641; x_wconf 86' lang='lat' dir='ltr'><strong>amorem</strong></span> <span class='ocrx_word' id='word_1_94' title='bbox 634 1599 708 1661; x_wconf 78' lang='lat' dir='ltr'><strong>erga</strong></span> <span class='ocrx_word' id='word_1_95' title='bbox 733 1579 827 1661; x_wconf 89' lang='lat' dir='ltr'><strong>alios,</strong></span> <span class='ocrx_word' id='word_1_96' title='bbox 858 1583 952 1642; x_wconf 89' lang='lat' dir='ltr'><strong>etiam</strong></span> <span class='ocrx_word' id='word_1_97' title='bbox 979 1601 1050 1662; x_wconf 87' lang='lat' dir='ltr'><strong>eos,</strong></span> <span class='ocrx_word' id='word_1_98' title='bbox 1078 1583 1130 1661; x_wconf 85' lang='lat' dir='ltr'><strong>qui</strong></span> <span class='ocrx_word' id='word_1_99' title='bbox 1155 1574 1311 1643; x_wconf 59' lang='lat' dir='ltr'><strong>diversam</strong></span> 
     </span>
     <span class='ocr_line' id='line_1_13' title="bbox 185 1686 1316 1778; baseline -0.004 -26"><span class='ocrx_word' id='word_1_100' title='bbox 185 1695 291 1778; x_wconf 81' lang='lat' dir='ltr'><strong>partes</strong></span> <span class='ocrx_word' id='word_1_101' title='bbox 311 1691 492 1766; x_wconf 87' lang='lat' dir='ltr'><strong>sequuntur,</strong></span> <span class='ocrx_word' id='word_1_102' title='bbox 514 1686 720 1748; x_wconf 83' lang='lat' dir='ltr'><strong>certissimum</strong></span> <span class='ocrx_word' id='word_1_103' title='bbox 735 1706 807 1750; x_wconf 88' lang='lat' dir='ltr'><strong>esse</strong></span> <span class='ocrx_word' id='word_1_104' title='bbox 824 1688 957 1748; x_wconf 87' lang='lat' dir='ltr'><strong>hominis</strong></span> <span class='ocrx_word' id='word_1_105' title='bbox 974 1688 1142 1750; x_wconf 85' lang='lat' dir='ltr'><strong>Christiani</strong></span> <span class='ocrx_word' id='word_1_106' title='bbox 1160 1689 1316 1769; x_wconf 66' lang='lat' dir='ltr'><strong>tignum!</strong></span> 
     </span>
     <span class='ocr_line' id='line_1_14' title="bbox 186 1792 1316 1877; baseline 0.001 -18"><span class='ocrx_word' id='word_1_107' title='bbox 186 1795 405 1861; x_wconf 80' lang='lat' dir='ltr'><strong>verumetiam</strong></span> <span class='ocrx_word' id='word_1_108' title='bbox 431 1797 497 1855; x_wconf 85' lang='lat' dir='ltr'><strong>tota</strong></span> <span class='ocrx_word' id='word_1_109' title='bbox 518 1792 587 1854; x_wconf 86' lang='lat' dir='ltr'><strong>Tua</strong></span> <span class='ocrx_word' id='word_1_110' title='bbox 606 1795 669 1855; x_wconf 82' lang='lat' dir='ltr'><strong>vita</strong></span> <span class='ocrx_word' id='word_1_111' title='bbox 685 1794 846 1877; x_wconf 81' lang='lat' dir='ltr'><strong>probares,</strong></span> <span class='ocrx_word' id='word_1_112' title='bbox 865 1792 1044 1876; x_wconf 74' lang='lat' dir='ltr'><strong>theologum</strong></span> <span class='ocrx_word' id='word_1_113' title='bbox 1065 1813 1139 1857; x_wconf 82' lang='lat' dir='ltr'><strong>vere</strong></span> <span class='ocrx_word' id='word_1_114' title='bbox 1161 1794 1316 1860; x_wconf 63' lang='lat' dir='ltr'><strong>chusszu</strong></span> 
     </span>
     <span class='ocr_line' id='line_1_15' title="bbox 187 1899 1316 1985; baseline -0.001 -19"><span class='ocrx_word' id='word_1_115' title='bbox 187 1921 280 1966; x_wconf 85' lang='lat' dir='ltr'><strong>anum</strong></span> <span class='ocrx_word' id='word_1_116' title='bbox 314 1918 384 1962; x_wconf 86' lang='lat' dir='ltr'><strong>oum</strong></span> <span class='ocrx_word' id='word_1_117' title='bbox 409 1899 515 1982; x_wconf 85' lang='lat' dir='ltr'><strong>probis</strong></span> <span class='ocrx_word' id='word_1_118' title='bbox 545 1905 579 1961; x_wconf 87' lang='lat' dir='ltr'><strong>et</strong></span> <span class='ocrx_word' id='word_1_119' title='bbox 602 1900 744 1963; x_wconf 85' lang='lat' dir='ltr'><strong>honestis</strong></span> <span class='ocrx_word' id='word_1_120' title='bbox 771 1902 906 1964; x_wconf 89' lang='lat' dir='ltr'><strong>omnium</strong></span> <span class='ocrx_word' id='word_1_121' title='bbox 934 1903 1067 1985; x_wconf 91' lang='lat' dir='ltr'><strong>partium</strong></span> <span class='ocrx_word' id='word_1_122' title='bbox 1093 1900 1316 1982; x_wconf 68' lang='lat' dir='ltr'><strong>sectatoribob&#39;s</strong></span> 
     </span>
     <span class='ocr_line' id='line_1_16' title="bbox 189 2004 1316 2092; baseline -0.004 -20"><span class='ocrx_word' id='word_1_123' title='bbox 189 2026 294 2072; x_wconf 85' lang='lat' dir='ltr'><strong>amore</strong></span> <span class='ocrx_word' id='word_1_124' title='bbox 318 2004 498 2068; x_wconf 74' lang='lat' dir='ltr'><strong>eternitate</strong></span> <span class='ocrx_word' id='word_1_125' title='bbox 519 2007 714 2070; x_wconf 84' lang='lat' dir='ltr'><strong>coniunctum</strong></span> <span class='ocrx_word' id='word_1_126' title='bbox 734 2026 806 2070; x_wconf 89' lang='lat' dir='ltr'><strong>esse</strong></span> <span class='ocrx_word' id='word_1_127' title='bbox 826 2027 938 2092; x_wconf 85' lang='lat' dir='ltr'><strong>posse,</strong></span> <span class='ocrx_word' id='word_1_128' title='bbox 967 2008 1130 2091; x_wconf 85' lang='lat' dir='ltr'><strong>eidemque</strong></span> <span class='ocrx_word' id='word_1_129' title='bbox 1151 2026 1206 2070; x_wconf 87' lang='lat' dir='ltr'><strong>eos</strong></span> <span class='ocrx_word' id='word_1_130' title='bbox 1224 2014 1316 2085; x_wconf 60' lang='lat' dir='ltr'><strong>tans,</strong></span> 
     </span>
     <span class='ocr_line' id='line_1_17' title="bbox 188 2110 1315 2209; baseline -0.001 -30"><span class='ocrx_word' id='word_1_131' title='bbox 188 2124 255 2179; x_wconf 89' lang='lat' dir='ltr'><strong>tum</strong></span> <span class='ocrx_word' id='word_1_132' title='bbox 275 2111 425 2175; x_wconf 83' lang='lat' dir='ltr'><strong>arcendos</strong></span> <span class='ocrx_word' id='word_1_133' title='bbox 445 2116 479 2174; x_wconf 91' lang='lat' dir='ltr'><strong>et</strong></span> <span class='ocrx_word' id='word_1_134' title='bbox 497 2110 661 2193; x_wconf 74' lang='lat' dir='ltr'><strong>fugiendos</strong></span> <span class='ocrx_word' id='word_1_135' title='bbox 682 2133 771 2196; x_wconf 89' lang='lat' dir='ltr'><strong>esse,</strong></span> <span class='ocrx_word' id='word_1_136' title='bbox 792 2117 844 2209; x_wconf 81' lang='lat' dir='ltr'><strong>qui</strong></span> <span class='ocrx_word' id='word_1_137' title='bbox 862 2115 994 2198; x_wconf 90' lang='lat' dir='ltr'><strong>improbi</strong></span> <span class='ocrx_word' id='word_1_138' title='bbox 1015 2121 1048 2177; x_wconf 90' lang='lat' dir='ltr'><strong>et</strong></span> <span class='ocrx_word' id='word_1_139' title='bbox 1062 2114 1222 2178; x_wconf 83' lang='lat' dir='ltr'><strong>inhonesti</strong></span> <span class='ocrx_word' id='word_1_140' title='bbox 1243 2134 1315 2198; x_wconf 63' lang='lat' dir='ltr'><strong>eos,</strong></span> 
     </span>
     <span class='ocr_line' id='line_1_18' title="bbox 191 2217 1309 2324; baseline 0 -39"><span class='ocrx_word' id='word_1_141' title='bbox 191 2221 372 2285; x_wconf 84' lang='lat' dir='ltr'><strong>olesisstiois</strong></span> <span class='ocrx_word' id='word_1_142' title='bbox 397 2217 538 2280; x_wconf 80' lang='lat' dir='ltr'><strong>formulis</strong></span> <span class='ocrx_word' id='word_1_143' title='bbox 566 2238 605 2279; x_wconf 87' lang='lat' dir='ltr'><strong>eo</strong></span> <span class='ocrx_word' id='word_1_144' title='bbox 632 2217 761 2301; x_wconf 87' lang='lat' dir='ltr'><strong>consilio</strong></span> <span class='ocrx_word' id='word_1_145' title='bbox 789 2219 968 2302; x_wconf 84' lang='lat' dir='ltr'><strong>abutuntur,</strong></span> <span class='ocrx_word' id='word_1_146' title='bbox 1000 2227 1036 2282; x_wconf 87' lang='lat' dir='ltr'><strong>ut</strong></span> <span class='ocrx_word' id='word_1_147' title='bbox 1059 2221 1309 2324; x_wconf 67' lang='lat' dir='ltr'><strong>orthodoxorun,</strong></span> 
     </span>
     <span class='ocr_line' id='line_1_19' title="bbox 191 2323 1316 2424; baseline 0.008 -39"><span class='ocrx_word' id='word_1_148' title='bbox 191 2328 329 2412; x_wconf 84' lang='lat' dir='ltr'><strong>speeiem</strong></span> <span class='ocrx_word' id='word_1_149' title='bbox 348 2344 424 2408; x_wconf 89' lang='lat' dir='ltr'><strong>prae</strong></span> <span class='ocrx_word' id='word_1_150' title='bbox 445 2323 603 2386; x_wconf 76' lang='lat' dir='ltr'><strong>scierant</strong></span> <span class='ocrx_word' id='word_1_151' title='bbox 630 2331 721 2406; x_wconf 83' lang='lat' dir='ltr'><strong>atque</strong></span> <span class='ocrx_word' id='word_1_152' title='bbox 746 2324 955 2390; x_wconf 80' lang='lat' dir='ltr'><strong>venditatione</strong></span> <span class='ocrx_word' id='word_1_153' title='bbox 981 2326 1110 2409; x_wconf 78' lang='lat' dir='ltr'><strong>qaudam</strong></span> <span class='ocrx_word' id='word_1_154' title='bbox 1136 2336 1171 2392; x_wconf 90' lang='lat' dir='ltr'><strong>et</strong></span> <span class='ocrx_word' id='word_1_155' title='bbox 1189 2336 1316 2424; x_wconf 55' lang='lat' dir='ltr'><strong>ostem,</strong></span> 
     </span>
    </p>
   </div>
   <div class='ocr_carea' id='block_1_4' title="bbox 81 2418 1316 2653">
    <p class='ocr_par' dir='ltr' id='par_1_4' title="bbox 81 2418 1311 2635">
     <span class='ocr_line' id='line_1_20' title="bbox 81 2418 1311 2534; baseline 0.006 -40"><span class='ocrx_word' id='word_1_156' title='bbox 81 2418 87 2425; x_wconf 55' lang='grc'><strong>”</strong></span> <span class='ocrx_word' id='word_1_157' title='bbox 191 2434 310 2495; x_wconf 84' lang='lat' dir='ltr'><strong>tatione</strong></span> <span class='ocrx_word' id='word_1_158' title='bbox 330 2432 500 2493; x_wconf 83' lang='lat' dir='ltr'><strong>sanctitatis</strong></span> <span class='ocrx_word' id='word_1_159' title='bbox 520 2432 662 2511; x_wconf 88' lang='lat' dir='ltr'><strong>nimiam,</strong></span> <span class='ocrx_word' id='word_1_160' title='bbox 691 2451 750 2523; x_wconf 85' lang='lat' dir='ltr'><strong>qua</strong></span> <span class='ocrx_word' id='word_1_161' title='bbox 767 2430 986 2518; x_wconf 86' lang='lat' dir='ltr'><strong>impelluntur,</strong></span> <span class='ocrx_word' id='word_1_162' title='bbox 1014 2437 1213 2531; x_wconf 83' lang='lat' dir='ltr'><strong>ambitionem</strong></span> <span class='ocrx_word' id='word_1_163' title='bbox 1232 2434 1311 2534; x_wconf 55' lang='lat' dir='ltr'><strong>,iniq</strong></span> 
     </span>
     <span class='ocr_line' id='line_1_21' title="bbox 193 2526 1316 2653; baseline 0.006 -52"><span class='ocrx_word' id='word_1_164' title='bbox 193 2536 351 2602; x_wconf 84' lang='lat' dir='ltr'><strong>simulent.</strong></span> <span class='ocrx_word' id='word_1_165' title='bbox 394 2534 685 2620; x_wconf 77' lang='lat' dir='ltr'><strong>splendidissimum</strong></span> <span class='ocrx_word' id='word_1_166' title='bbox 703 2537 786 2619; x_wconf 87' lang='lat' dir='ltr'><strong>quod</strong></span> <span class='ocrx_word' id='word_1_167' title='bbox 801 2538 851 2602; x_wconf 90' lang='grc' dir='ltr'><strong>Τιι</strong></span> <span class='ocrx_word' id='word_1_168' title='bbox 877 2540 965 2625; x_wconf 88' lang='lat' dir='ltr'><strong>edis,</strong></span> <span class='ocrx_word' id='word_1_169' title='bbox 993 2542 1050 2607; x_wconf 86' lang='lat' dir='ltr'><strong>Vir</strong></span> <span class='ocrx_word' id='word_1_170' title='bbox 1070 2526 1196 2627; x_wconf 74' lang='lat' dir='ltr'><strong>summe</strong></span> <span class='ocrx_word' id='word_1_171' title='bbox 1181 2561 1316 2653; x_wconf 53' lang='grc' dir='ltr'>...1πῇ...</span> 
     </span>
    </p>
   </div>
   <div class='ocr_carea' id='block_1_5' title="bbox 192 2605 1316 2878">
    <p class='ocr_par' dir='ltr' id='par_1_5' title="bbox 192 2605 1316 2838">
     <span class='ocr_line' id='line_1_22' title="bbox 192 2605 1316 2817; baseline 0.009 -112"><span class='ocrx_word' id='word_1_172' title='bbox 192 2644 308 2726; x_wconf 88' lang='lat' dir='ltr'><strong>rende,</strong></span> <span class='ocrx_word' id='word_1_173' title='bbox 335 2650 370 2706; x_wconf 87' lang='lat' dir='ltr'><strong>et</strong></span> <span class='ocrx_word' id='word_1_174' title='bbox 393 2645 505 2705; x_wconf 87' lang='lat' dir='ltr'><strong>amoris</strong></span> <span class='ocrx_word' id='word_1_175' title='bbox 527 2645 752 2708; x_wconf 83' lang='lat' dir='ltr'><strong>ethonestatis</strong></span> <span class='ocrx_word' id='word_1_176' title='bbox 773 2646 1023 2817; x_wconf 53' lang='lat' dir='ltr'><strong>eremplumgpro</strong></span> <span class='ocrx_word' id='word_1_177' title='bbox 1044 2605 1316 2781; x_wconf 42' lang='lat' dir='ltr'><strong>viribusdl&#39;sequasg</strong></span> 
     </span>
     <span class='ocr_line' id='line_1_23' title="bbox 192 2728 1316 2878; baseline 0.007 -65"><span class='ocrx_word' id='word_1_178' title='bbox 192 2740 342 2834; x_wconf 69' lang='lat' dir='ltr'><strong>&#39;fuseque</strong></span> <span class='ocrx_word' id='word_1_179' title='bbox 360 2751 482 2812; x_wconf 80' lang='lat' dir='ltr'><strong>virtutis</strong></span> <span class='ocrx_word' id='word_1_180' title='bbox 501 2770 620 2814; x_wconf 89' lang='lat' dir='ltr'><strong>memor</strong></span> <span class='ocrx_word' id='word_1_181' title='bbox 637 2744 755 2835; x_wconf 75' lang='grc' dir='ltr'>νικήσω</span> <span class='ocrx_word' id='word_1_182' title='bbox 775 2746 812 2816; x_wconf 76' lang='lat' dir='ltr'><strong>vd</strong></span> <span class='ocrx_word' id='word_1_183' title='bbox 832 2747 933 2818; x_wconf 84' lang='grc' dir='ltr'><strong><em>κακὸν</em></strong></span> <span class='ocrx_word' id='word_1_184' title='bbox 953 2751 987 2818; x_wconf 77' lang='grc' dir='ltr'><strong>ἐν</strong></span> <span class='ocrx_word' id='word_1_185' title='bbox 1006 2776 1051 2844; x_wconf 80' lang='grc' dir='ltr'><strong>τῳ</strong></span> <span class='ocrx_word' id='word_1_186' title='bbox 1037 2728 1195 2851; x_wconf 68' lang='grc' dir='ltr'><em>ἀγαάφ.</em></span> <span class='ocrx_word' id='word_1_187' title='bbox 1217 2754 1316 2878; x_wconf 53' lang='lat' dir='ltr'><strong>mbo</strong></span> 
     </span>
    </p>
   </div>
   <div class='ocr_carea' id='block_1_6' title="bbox 191 2820 1316 2976">
    <p class='ocr_par' dir='ltr' id='par_1_6' title="bbox 191 2820 1316 2976">
     <span class='ocr_line' id='line_1_24' title="bbox 191 2820 1316 2976; baseline 0.013 -57"><span class='ocrx_word' id='word_1_188' title='bbox 191 2854 332 2939; x_wconf 68' lang='lat' dir='ltr'><strong>isteque.</strong></span> <span class='ocrx_word' id='word_1_189' title='bbox 373 2857 551 2929; x_wconf 79' lang='lat' dir='ltr'><strong>Soribebam</strong></span> <span class='ocrx_word' id='word_1_190' title='bbox 569 2858 659 2925; x_wconf 74' lang='lat' dir='ltr'><strong>litiis</strong></span> <span class='ocrx_word' id='word_1_191' title='bbox 680 2861 733 2924; x_wconf 87' lang='lat' dir='ltr'><strong>die</strong></span> <span class='ocrx_word' id='word_1_192' title='bbox 750 2861 817 2928; x_wconf 85' lang='lat' dir='ltr'><strong>vu.</strong></span> <span class='ocrx_word' id='word_1_193' title='bbox 837 2852 980 2929; x_wconf 83' lang='lat' dir='ltr'><strong>Octobris</strong></span> <span class='ocrx_word' id='word_1_194' title='bbox 1000 2820 1316 2976; x_wconf 45' lang='lat' dir='ltr'><strong>MDCOCXX‘XHssl</strong></span> 
     </span>
    </p>
   </div>
   <div class='ocr_carea' id='block_1_7' title="bbox 1264 3044 1316 3101">
    <p class='ocr_par' dir='ltr' id='par_1_7' title="bbox 1264 3044 1316 3101">
     <span class='ocr_line' id='line_1_25' title="bbox 1264 3044 1316 3101; baseline 0 -30"><span class='ocrx_word' id='word_1_195' title='bbox 1264 3044 1316 3101; x_wconf 42' lang='grc' dir='ltr'><strong>,Μ</strong></span> 
     </span>
    </p>
   </div>
   <div class='ocr_carea' id='block_1_8' title="bbox 0 0 1355 4928">
    <p class='ocr_par' dir='ltr' id='par_1_8' title="bbox 0 0 1355 4928">
     <span class='ocr_line' id='line_1_26' title="bbox 0 0 1355 4928; baseline 0 0"><span class='ocrx_word' id='word_1_196' title='bbox 0 0 1355 4928; x_wconf 95' lang='lat' dir='ltr'><strong> </strong></span> 
     </span>
    </p>
   </div>
  </div>
 </body>
</html>
