2648 4928
79 276 85 287 ἱ
124 300 202 384 tel
438 300 673 385 Osteehismu!
691 296 914 393 Ge'oeeeueis

119 509 173 552 eos
191 494 286 556 esset,
309 479 355 542 vel
374 479 471 561 aliqua
490 497 528 541 ex
547 490 628 560 parte
648 480 806 544 imminuta.
850 484 928 561 Quin
955 488 1066 569 potios,
1096 499 1127 549 et
1152 490 1156 551 l

119 572 224 635 lentim
243 586 306 628 eam
329 566 358 624 in
379 583 431 624 nea
451 574 481 625 et
500 561 688 625 &undantius
709 566 817 627 alludit.

199 651 246 713 M.
285 648 433 720 Putasne,
463 647 534 707 sia
561 646 708 726 Baptismo
739 661 892 711 arceantur
920 652 1061 726 infantes,
1081 656 1156 735 quiea

117 747 269 820 propterea
298 731 357 793 Dei
384 731 494 811 gratiae
523 727 679 807 decedere,
710 744 741 794 nt
767 734 824 795 diei
850 736 942 815 pessit
968 734 1078 812 Christi
1110 737 1156 801 adr

31 842 38 851 ¹
119 823 207 882 luisse
228 817 392 877 imminuta?

200 901 238 962 P.
281 897 318 959 ld
336 894 449 977 quidem
473 895 619 958 evidenter
639 908 727 978 patet.
773 897 863 977 Signo
884 901 959 961 enim
981 903 1112 978 sublato,

117 985 154 1048 ad
176 980 332 1047 testandam
352 979 411 1042 Dei
433 979 654 1041 misericordiam
676 991 706 1042 et
727 982 934 1044 confirmandas
952 988 1155 1065 promissiones

117 1072 219 1132 rimam
228 1066 316 1138 valet,
332 1061 445 1130 deesset
458 1065 540 1125 nobis
555 1066 660 1124 eximia
673 1066 842 1138 consolatio,
856 1087 912 1146 qna
926 1068 1094 1130 fruebantur
1105 1082 1156 1133 ret

202 1151 248 1212 Μ.
293 1147 344 1207 Sic
365 1166 435 1226 ergo
455 1148 562 1208 sentis:
587 1168 672 1226 quum
693 1146 775 1209 Deus
795 1149 848 1209 snb
861 1153 953 1211 veteri
973 1153 1156 1216 Testamenta

118 1255 150 1298 se
171 1233 287 1297 Patrem
310 1232 490 1310 paruulorum
512 1229 693 1304 ostenderet,
724 1232 825 1293 salutis
845 1235 1058 1313 promissionem
1081 1239 1111 1298 in
1129 1258 1156 1301 et

117 1317 283 1398 corporiltus
306 1314 474 1395 insculptam
494 1333 558 1375 esse
578 1315 701 1374 voluerit
721 1317 803 1394 siguo
831 1317 953 1392 visibili,
984 1319 1132 1400 indignum
1153 1344 1155 1381 :

117 1403 255 1465 siminus
277 1399 499 1458 confirmationis
519 1417 538 1458 a
558 1395 667 1458 Christi
688 1396 810 1458 adventu
832 1401 954 1462 habeam
974 1403 1092 1464 lideles:
1117 1424 1155 1487 qn

116 1497 148 1548 et
174 1483 274 1545 eadem
305 1479 389 1541 lrodie
418 1481 499 1541 nobis
528 1483 678 1561 promissio
698 1480 873 1553 destinatur,
897 1505 970 1564 quae
991 1488 1058 1547 elim
1081 1487 1155 1551 Patr

118 1581 148 1631 et
169 1568 274 1628 clarius
293 1563 428 1625 bonitatis
449 1584 518 1625 suae
539 1566 682 1645 specimen
702 1566 784 1626 nobis
805 1568 834 1627 in
848 1565 963 1629 Christo
984 1571 1155 1635 exhibuit!

198 1648 237 1712 P.
281 1647 331 1709 Sic
361 1648 464 1708 sentio.
514 1646 670 1708 Praeterea
705 1669 789 1729 quum
819 1652 887 1711 satis
917 1665 1046 1726 constet,
1077 1657 1134 1715 vim

118 1735 319 1813 stantiamqne,
340 1741 372 1791 ut
392 1733 433 1791 ita
453 1732 573 1811 loquar,
597 1731 748 1813 Baptismi,
771 1734 925 1794 infantibus
947 1756 1009 1797 esse
1031 1758 1155 1801 comuni

118 1821 145 1879 si
172 1818 230 1880 illis
255 1825 409 1894 negaretur
429 1814 560 1896 signum,
583 1814 658 1895 qnod
679 1817 799 1877 veritate
821 1828 865 1877 est
886 1819 1020 1896 inferius,
1051 1833 1154 1904 aperta

18 1970 23 1979 ,
118 1902 223 1964 minua
244 1901 337 1959 lieret.

181 1982 184 1987 ’
201 1982 248 2046 M.
293 1981 360 2056 Qua
379 1999 450 2060 ergo
470 1976 634 2040 conditione
654 1979 816 2060 baptizandi
836 1995 902 2043 sunt
923 1985 1069 2046 inientes?

201 2064 240 2127 P.
291 2063 334 2126 Ut
353 2074 486 2125 testatum
507 2063 576 2138 ht,
608 2062 814 2124 benedictionis
846 2066 969 2128 fidelium
990 2072 1093 2130 semini
1109 2091 1154 2152 pra

99 2170 169 2213 sae
191 2151 269 2232 ipsos
293 2166 357 2209 esse
379 2144 536 2220 haeredem
565 2157 597 2207 at
623 2149 738 2225 agnita,
769 2159 915 2230 postquam
945 2152 1143 2231 adoleverint,

97 2232 216 2317 ¹ptismi
236 2233 283 2293 sui
302 2231 435 2305 veritate,
458 2231 580 2290 trucum
601 2249 638 2289 ex
659 2250 694 2290 ee
716 2233 875 2312 percipiant
888 2236 922 2294 n'e
944 2237 1102 2315 proferant.

202 2315 247 2378 M.
268 2388 270 2405 .
298 2314 489 2375 Transeamus
509 2312 545 2372 ad
563 2316 699 2375 Coenam.
742 2314 788 2376 Ac
804 2317 895 2397 primo
917 2318 1030 2398 quidem
1051 2339 1091 2382 ex
1111 2332 1141 2383 te

119 2402 223 2471 selim,
246 2417 319 2480 quae
340 2398 378 2457 sit
397 2399 458 2458 eius
478 2397 670 2476 significetis?

203 2482 240 2543 P.
285 2482 355 2542 ldee
382 2500 400 2541 a
426 2479 552 2540 Christe¹
572 2481 700 2540 instituta
726 2491 791 2553 est,
821 2492 853 2540 nt
882 2485 1010 2564 eorporis
1032 2497 1063 2547 et
1083 2508 1154 2569 sang

120 2568 164 2626 sni
186 2566 440 2625 communicatione
461 2563 579 2623 educari
598 2566 626 2623 in
648 2584 725 2643 spem
749 2566 823 2623 vitae
844 2577 977 2627 aeternae
992 2572 1101 2630 animas
1118 2592 1154 2632 ne

76 2667 81 2685 ·
120 2671 172 2710 nos
194 2650 328 2720 doceret,
352 2647 437 2728 idque
458 2648 539 2707 nobis
560 2659 668 2707 eertum
690 2646 831 2706 redderet.

123 2744 129 2759 ¹
202 2733 247 2793 M.
284 2730 345 2791 Cur
364 2744 457 2791 autem
476 2751 555 2810 pane
577 2750 691 2809 eorpus,
714 2737 777 2789 arrae
799 2733 913 2808 sanguis
931 2731 1048 2794 Domini
1070 2739 1154 2825 figura

199 2816 236 2875 P.
283 2814 393 2896 Nempe
416 2817 482 2874 hine
503 2812 648 2885 docemur,
669 2833 750 2892 quam
768 2815 822 2871 rim
846 2815 929 2873 habet
951 2819 1032 2895 panis
1056 2822 1083 2878 in
1102 2834 1150 2881 nut

118 2898 161 2958 dis
183 2899 364 2979 corporibus,
389 2897 425 2957 ad
446 2895 637 2956 sustinendam
660 2908 834 2975 praesentem
857 2900 954 2970 vitam,
979 2901 1097 2962 eandem
1114 2926 1154 2964 coi

117 2982 235 3042 Domini
257 2985 368 3053 inesse,
392 2981 427 3040 ad
444 2978 561 3040 alendas
582 2981 767 3058 spiritualiter
786 2983 904 3039 animas.
949 2982 1041 3042 Sicuti
1061 2989 1153 3048 sinor

118 3066 246 3123 lorantur
267 3067 409 3124 hominum
431 3061 536 3135 eorda,
559 3065 725 3122 relieiuntur
745 3065 831 3136 vires,
855 3076 930 3122 totus
951 3067 1035 3126 homo
1056 3072 1153 3130 robora

118 3149 158 3204 ita
179 3166 216 3206 ex
237 3146 354 3206 Domini
375 3148 512 3223 sariguine
534 3144 647 3203 eosdem
671 3146 706 3204 ab
730 3148 831 3205 animis
851 3150 955 3208 nostris
980 3168 1047 3210 usus
1070 3156 1153 3236 pereip

198 3229 244 3290 M.
288 3228 404 3307 Ergone
427 3247 547 3308 corpore
567 3226 683 3287 Domini
706 3241 735 3288 et
756 3233 893 3308 sanguiue
915 3235 1080 3296 vescimur?

197 3311 235 3371 P.
286 3312 329 3371 lta
350 3312 452 3371 sentio.
495 3311 573 3369 Num
596 3332 679 3390 quum
702 3313 730 3370 in
751 3333 786 3372 eo
802 3316 855 3372 sita
871 3316 907 3372 sit
923 3326 980 3374 tota
995 3319 1095 3378 salutis
1110 3341 1153 3379 uos

115 3393 230 3467 fidncia,
249 3405 281 3457 nt
295 3406 412 3475 accepto
432 3393 513 3453 nobis
530 3397 638 3453 leretur
652 3395 812 3455 obedientia
827 3399 924 3477 ipsius,
945 3420 1028 3478 quam
1044 3402 1124 3463 Patri
1141 3426 1153 3484 p

115 3480 202 3552 stitit,
232 3478 348 3559 perinde
376 3479 436 3538 nesi
456 3489 552 3536 nostra
575 3478 667 3536 leret:
693 3482 782 3559 ipsum
806 3501 822 3537 a
845 3481 925 3539 nobis
947 3483 1086 3561 possideri
1108 3506 1153 3547 net

112 3573 167 3623 est.
211 3561 315 3642 Neque
335 3564 410 3622 enirn
431 3561 506 3620 bona
527 3560 608 3620 nobis
629 3581 681 3621 saa
700 3564 784 3622 aliter
804 3567 1002 3639 communicat,
1028 3558 1153 3630 nisi'dnr

112 3658 237 3706 nostrum
261 3648 340 3705 iacit.

107 3734 112 3745 ’
192 3729 238 3788 M.
282 3730 390 3809 Atspui,
413 3746 506 3787 nonne
528 3737 595 3786 tune
615 3746 647 3786 se
670 3725 765 3799 dedit,
790 3749 873 3807 quum
893 3750 923 3789 sc
945 3737 1077 3811 exposuit
1098 3737 1126 3794 io
1148 3757 1153 3795 ι

113 3823 186 3887 tem,
212 3824 243 3872 ut
265 3834 316 3872 nos
337 3833 355 3872 a
377 3813 474 3870 mortis
496 3809 601 3869 iudicio
624 3809 783 3890 redemptos
804 3811 885 3869 Patri
907 3819 1127 3878 reconciliaret?

192 3893 230 3956 P.
273 3895 307 3955 ld
334 3895 445 3975 quidem
472 3914 569 3955 verum
596 3904 658 3953 est:
687 3894 737 3953 sed
765 3916 820 3952 non
853 3899 922 3956 satis
958 3911 1002 3957 est
1036 3903 1137 3975 nobis,

110 3999 174 4039 enm
195 3999 271 4039 nuuc
292 3981 478 4060 recipiamus:
503 3998 558 4058 quo
574 3979 672 4037 mortis
695 3980 756 4037 eius
777 3978 903 4039 ellieaeia
924 3981 1090 4065 fructusque
1112 3985 1149 4045 ad

109 4065 265 4142 perveniat.

190 4146 235 4206 M.
276 4143 442 4223 {decipiendi
464 4163 550 4221 porro
572 4141 670 4202 modus
691 4162 727 4200 an
751 4164 806 4203 non
830 4144 884 4205 fide
906 4155 1040 4209 constat?
1074 4155 1079 4163 '

188 4228 225 4290 P.
280 4230 397 4289 Fateor.
442 4224 500 4284 Sed
523 4227 577 4284 hoc
598 4227 681 4286 simul
702 4226 786 4299 addo,
811 4231 872 4288 fieri
896 4231 934 4302 id,
959 4233 1026 4293 diam
1050 4256 1106 4295 non
1129 4256 1152 4293 ss

106 4323 245 4374 mertuum
267 4311 420 4383 credimus,
445 4329 500 4388 quo
523 4330 574 4369 nos
595 4330 612 4370 a
634 4320 724 4370 morte
746 4312 896 4374 liberaret:
919 4327 948 4376 et
962 4321 1144 4394 suscitatum,
