2648 4928
255 298 411 371 romulu
434 295 629 371 comunem
653 294 851 375 Heluetiae.¹
1018 234 1095 381 ⁸ddi
1164 362 1176 385 .

97 480 116 540 i.
160 479 194 541 ln
218 479 317 559 specie
343 487 435 539 autom
456 478 618 540 ldehraiuus
643 477 760 542 Veteris
784 482 960 544 Testamenti
985 480 1101 563 Codex,
1110 498 1151 552 ιο

98 583 133 625 ex
154 561 308 623 traditione
328 560 480 625 Ecclesiae
500 560 644 642 ludeioae,
665 564 712 624 eui
732 564 800 626 olim
817 569 944 628 oraculo
957 570 1015 630 Bet·
1025 588 1102 631 oon-

98 647 215 723 suuv),
238 647 400 724 accepimus
425 643 565 725 hodieque
589 649 756 721 munemne,
777 658 836 709 turn
857 648 1102 731 quoudaouoo·
1217 678 1221 697 ·

98 741 158 791 tum
179 728 269 810 quoad
290 729 456 804 vosalia,
475 731 537 790 sive
554 741 658 810 puncta
679 732 757 810 ipsa,
780 734 841 794 tivo
861 745 1028 813 punctorum
1044 737 1102 797 tel·

98 823 250 884 rtestatem,
267 822 297 873 et
325 823 382 873 tum
409 811 529 893 quoad
558 830 635 887 res,
665 823 723 874 tam
748 814 863 895 quood
889 817 999 879 verha
1026 816 1101 883 esd·

98 920 146 971 ng,
167 907 198 956 nt
219 894 286 957 lidei
306 907 337 956 et
357 897 433 957 vitae
452 906 589 969 nostrae,
614 915 669 958 une
690 916 754 958 unm
776 896 885 960 Codiee
898 900 976 961 Novi
996 900 1102 964 tun-

101 985 138 1041 sit
159 979 283 1041 Cenon
305 980 404 1040 uuicus
424 990 454 1040 et
475 979 608 1052 illibatas,
630 978 667 1041 ad
688 982 770 1041 ouius
794 1002 939 1057 mamam,
962 1002 1016 1045 eeu
1039 984 1102 1069 Ly-

98 1063 507 1226 :litlullittl't
520 1064 1099 1220 titlldttltlntltffltt

98 1232 129 1292 l.
172 1228 281 1291 Eorum
302 1228 421 1311 proinde
437 1231 605 1291 sententiam
622 1230 743 1310 prohere
756 1233 917 1313 neutiquam
937 1249 1148 1314 nonsummum

98 1317 225 1387 ationem,
240 1333 321 1394 quam
336 1313 498 1374 llehraieus
513 1311 614 1375 Codex
624 1313 751 1387 exhihet,
766 1315 888 1376 humano
898 1324 1007 1377 unumne
1023 1319 1101 1379 arhi-

98 1400 247 1459 »ustitutatu
269 1416 334 1458 esse
354 1396 503 1472 deliniunt,
524 1398 627 1478 quique
646 1395 798 1477 leetioueua
820 1398 1004 1473 llehrnioum,
1018 1418 1100 1481 quern

98 1481 268 1544 commodam
284 1478 421 1552 iudicant,
431 1481 589 1559 conligere,
596 1499 714 1561 eamque
721 1500 759 1543 ex
768 1481 866 1543 Lxx.
878 1485 1023 1545 seniora·
1031 1484 1101 1547 alio·

98 1564 374 1627 eversionibus
395 1563 568 1637 Graecis,
590 1562 732 1625 Codice
750 1563 1101 1646 Samaritarum·

98 1670 115 1710 u
137 1646 375 1720 Chaldaicis,
399 1647 445 1708 vel
459 1644 572 1708 aliunde
586 1649 684 1721 edum,
704 1649 764 1707 iuno
777 1648 946 1731 quandoque
962 1669 1006 1712 ox
1020 1650 1102 1713 solu

98 1752 141 1793 ue
161 1731 315 1792 emendare
337 1731 469 1810 religioni
490 1732 651 1809 neutiquam
669 1729 788 1805 desunt,
810 1751 903 1815 nuque
924 1732 997 1794 adeo
1016 1734 1101 1795 aliam

98 1836 138 1878 um
159 1816 361 1887 authenticam,
384 1834 465 1893 qun·
486 1832 559 1895 quse
579 1831 617 1874 ex
635 1814 744 1875 oollutis
764 1816 841 1877 inter
860 1835 894 1877 ee
913 1816 1100 1891 editionibus,

98 1920 134 1961 ae
164 1900 250 1959 etiam
274 1898 412 1959 llohraiui
437 1896 564 1969 oodioio,
592 1917 675 1978 quem
706 1900 795 1960 variis
822 1898 912 1961 nodie
936 1912 1101 1982 tornantem

98 1985 208 2055 utitant,
227 1981 352 2042 adhihite
367 1982 445 2041 cirre
457 1982 596 2042 lectiones
609 1982 753 2043 variantes
768 1982 882 2044 humani
895 1982 993 2044 iudicii
1004 1982 1102 2066 uolua

99 2068 179 2146 istit,
207 2073 380 2145 agnoscunt:
408 2063 594 2144 Tandemque
620 2074 737 2144 praeter
766 2064 918 2127 editionem
938 2067 1100 2129 llehreeam

99 2171 172 2222 nam
202 2149 274 2210 alios
302 2165 366 2208 esee
396 2144 511 2207 codices
534 2147 687 2208 llehraeoo
715 2149 892 2209 innotarum
912 2149 1102 2233 Interpretari

99 2233 203 2296 ru'tihus
244 2232 280 2291 ah
313 2229 449 2290 llelareeo
489 2241 588 2289 nostro
622 2240 757 2290 oonteatu
788 2232 985 2311 versiouihus,
1027 2251 1102 2313 quae

99 2337 140 2378 nm
160 2317 328 2376 variantium
351 2312 417 2372 olim
437 2309 567 2373 oudinum
590 2311 788 2374 Hebraeorum
815 2313 920 2375 indicia
943 2317 1019 2389 siat,
1049 2314 1101 2377 de·

99 2413 126 2462 ts
151 2399 247 2481 Atque
268 2399 309 2459 ito
332 2395 398 2456 lidei
420 2405 534 2456 austrea
554 2396 882 2478 principium,.eineque
902 2397 1101 2461 authoritatem

99 2495 200 2546 turum
221 2500 326 2563 auceps
349 2482 377 2540 in
400 2478 551 2540 discrimen
572 2477 723 2540 adducunt.

99 2569 125 2630 l.
171 2566 251 2628 Daue
277 2576 349 2625 aute·
378 2565 453 2624 iaetu
488 2560 583 2622 mnudi
610 2560 791 2624 fundamenta
818 2564 848 2623 iu
877 2561 994 2627 Christo
1020 2563 1099 2638 leto,
1112 2571 1150 2625 12
1244 2634 1248 2641 ,

99 2662 238 2723 anostro,
263 2650 330 2709 iecit
350 2643 502 2729 πρόθεσιν
526 2640 648 2708 αἰώνιον
670 2648 849 2726 propositam
874 2648 1101 2731 esenowt),
1271 2634 1279 2650 '

115 2756 154 2807 en
175 2754 253 2795 mero
275 2733 425 2792 voluntatis
449 2750 519 2791 sune
540 2730 731 2810 heneplacito,
753 2731 817 2790 siue
843 2730 899 2790 ulla
920 2732 1014 2791 ueniti
1033 2751 1102 2812 ope·

99 2821 120 2881 nl
142 2818 208 2879 lidoi
230 2818 419 2897 praevisione,
440 2814 475 2874 ad
498 2812 608 2874 laudem
629 2813 773 2893 gloriosae
791 2817 902 2893 gratim
924 2833 994 2875 suae
1014 2815 1102 2894 elegit

124 2922 161 2963 uo
193 2901 337 2962 delinitum
368 2900 510 2959 hominum
536 2899 564 2956 iu
593 2895 692 2957 eadem
722 2898 913 2976 eomuptiouie
937 2916 1050 2970 musea,
1071 2908 1102 2959 et

102 2989 131 3047 ui
154 2980 291 3065 sanguiue
312 2985 476 3053 iacentium,
501 2979 628 3060 adeoque
648 2990 767 3060 panto
787 2990 982 3060 corruptorum
1003 2998 1102 3042 nume

100 3113 110 3143 ‚
134 3071 162 3129 iu
185 3079 312 3148 tempore
333 3087 384 3146 por
405 3065 549 3125 Christum
572 3063 746 3142 sponsorem
776 3073 807 3123 et
826 3062 1017 3124 Mediatorem
1038 3065 1102 3124 uni·

99 3153 109 3214 Ι
132 3153 250 3213 salutem
272 3149 492 3229 perducendum,
517 3146 703 3227 eiusdemque
724 3149 838 3220 merito,
861 3147 987 3227 Spiritus
1006 3147 1041 3209 S.
1055 3166 1103 3209 re·

100 3239 157 3298 ntis
179 3236 371 3316 potentissima
393 3235 513 3303 virtute,
542 3231 697 3291 efficaciter
723 3230 900 3303 nouandum,
928 3248 1102 3310 regeneran-

99 3319 258 3383 allidens
281 3312 668 3396 resipiscentiadoueudum.
712 3313 807 3393 Atque
829 3316 870 3374 ila
886 3313 1001 3395 'quidem
1022 3312 1171 3374 Deutld.
1288 3370 1293 3387 ,

100 3426 110 3465 a
137 3424 215 3464 suam
238 3403 379 3463 illustrare
403 3400 569 3471 coustituit,
600 3409 631 3456 nt
659 3395 840 3470 decreverit,
869 3400 961 3478 prium
989 3396 1101 3478 quidem

99 3510 134 3549 rm
166 3489 308 3566 integrum
329 3503 446 3555 creare,
478 3493 534 3542 tum
565 3481 694 3543 eiusdem
718 3482 825 3560 lapsum
853 3482 1038 3562 permittere,
1069 3499 1104 3541 aa

100 3602 104 3632 t
130 3592 167 3633 en
198 3572 284 3649 lapsis
314 3566 486 3648 quorundam
514 3566 662 3638 misereri,
692 3564 820 3645 adeoque
846 3563 961 3625 eosdem
982 3564 1103 3643 eligere,

100 3676 156 3717 'ero
178 3656 205 3714 iu
227 3663 359 3734 corrupta
380 3670 473 3712 massa
495 3650 667 3728 relinquere,
688 3660 862 3728 aeternoque
885 3646 999 3708 taudem
1014 3648 1103 3709 exitio

100 3759 149 3884 he·
164 3821 195 3880 lu
225 3821 352 3900 gratioso
378 3829 472 3879 autem
499 3814 546 3873 illo
570 3784 729 3874 droedonis
758 3811 869 3874 diuinae
894 3811 1010 3874 deoroto
1041 3813 1153 3891 ipsell

100 3929 105 3966 r
135 3904 268 3966 Christus
294 3901 463 3972 includitur,
490 3918 545 3956 uon
571 3907 603 3956 ut
629 3916 714 3956 cauea
739 3899 903 3968 meritoria,
933 3896 976 3955 vel
1005 3893 1104 3957 sanda·

100 3978 697 4152 llllt¹llll'lll‘tl‘ltst‘l
715 3981 948 4144 “llldllll
969 3974 1106 4143 ‘llil

100 4098 102 4109 '
935 4103 947 4135 5

100 4251 273 4264 --1

110 4342 188 4396 aum.
206 4341 233 4407 a,
249 4342 275 4393 2.
308 4338 350 4407 rr)
368 4332 437 4404 spu.
456 4334 482 4401 e,
500 4333 541 4384 st.
574 4325 626 4396 m)
643 4332 658 4381 t
677 4325 749 4382 ton·
765 4330 793 4395 a,
808 4324 836 4381 t.
849 4302 880 4381 'e
