2648 4928
383 313 440 385 De
462 312 618 386 Ecclesia
642 266 725 387 liei.¹
1042 324 1117 406 835

99 503 196 557 mteua
217 501 336 555 externa
356 495 446 555 virtus
465 501 496 552 ct
519 491 665 568 honestas,
690 498 816 578 quamvis
837 517 892 562 non
922 505 961 564 sit
982 509 1114 589 spiritua-

99 582 166 640 ttitia
188 579 260 659 legis
284 597 393 650 eornm,
417 580 465 657 qui
489 580 603 658 propria
627 591 693 639 sunt
714 581 765 640 tilii
784 580 856 656 Dci,
883 584 1005 668 ideoque
1028 595 1112 658 ctiam

106 664 159 738 illi,
187 680 265 722 more
286 660 496 741 hypocritarum
524 670 554 722 et
574 660 807 738 Pharisaeorum,
834 669 977 732 confidere
997 673 1110 755 dehcat,

99 739 223 808 Verbum
248 743 362 804 Domini
383 745 518 824 scriptum
540 743 616 804 aD.
638 745 788 808 Mattiaco
809 769 836 810 c.
860 757 892 814 5.
935 753 1003 817 Nisi
1023 761 1112 822 ahnn·

100 841 112 890 t
132 831 239 890 iustitia
259 837 355 887 vestra
378 828 540 907 plusquam
561 826 780 891 Pharisaeorum
804 842 833 892 et
851 836 1029 914 scrihnrum,
1053 866 1110 907 non

99 914 154 973 sitis
172 915 201 972 in
222 929 341 990 regnum
362 913 521 972 coelerum:
545 921 668 973 attamen
693 916 721 973 in
743 918 903 979 universum
925 921 960 980 ah
980 928 1110 989 omnibus

99 1018 113 1056 e
136 995 308 1066 hominihus,
334 1005 364 1053 et
385 995 561 1074 potissimum
581 997 609 1055 in
631 993 764 1058 Ecclesia
784 998 854 1072 Dei,
879 1004 971 1064 moltis
989 1006 1110 1072 decan·

101 1082 214 1159 igenter
234 1089 264 1138 ct
284 1089 419 1139 accurata
440 1078 588 1138 observari
610 1077 709 1153 dehet,
741 1100 803 1142 cnm
834 1087 932 1161 primis
955 1108 1022 1150 uero
1042 1114 1109 1172 pro·

99 1183 212 1224 eaerum
236 1158 394 1222 mandatum
415 1160 473 1222 Dei
495 1163 524 1221 in
545 1162 609 1241 lege
630 1165 751 1224 naturali
778 1178 808 1225 et
827 1170 931 1249 scripta
953 1172 988 1232 ad
1010 1195 1107 1239 omnes

99 1268 112 1306 n
134 1247 260 1306 homiues
283 1244 439 1317 directum,
471 1255 501 1305 et
528 1243 563 1304 ad
592 1247 738 1307 evitandas
756 1270 883 1328 poenas,
910 1265 942 1314 nt
961 1267 1104 1335 aeternas,

99 1350 143 1389 em
165 1329 332 1407 temporales
355 1339 385 1388 et
405 1328 584 1408 corporales,
619 1330 696 1409 quih.
726 1334 877 1394 secundum
900 1336 1105 1405 ordinatione·

99 1412 195 1472 nilihet
213 1412 399 1490 Magistratus
420 1413 552 1491 politicus
580 1423 808 1491 transgressores
836 1418 909 1496 legia
936 1420 1052 1484 Domini
1075 1440 1106 1488 ct

110 1495 276 1576 disciplinae
298 1493 392 1554 debita
412 1516 475 1554 cnm
504 1499 657 1556 severitate
681 1499 796 1558 allicere
824 1513 947 1563 tenetur.
992 1506 1105 1571 Deinde
1144 1504 1147 1509 ’

103 1578 139 1639 ad
161 1576 381 1639 conservandum
408 1597 506 1658 pacem
535 1577 673 1657 puhlicam
702 1591 731 1640 et
757 1583 923 1645 laudabilem
954 1608 1106 1653 conversa-

123 1662 287 1733 humanam,
315 1681 386 1741 quae
417 1664 479 1721 siue
507 1661 608 1721 ordine
635 1674 664 1722 et
690 1665 798 1725 iustitia
828 1687 894 1727 esse
922 1690 976 1730 non
999 1686 1102 1752 potest.

100 1757 216 1806 tremum
237 1746 314 1816 idco,
337 1755 367 1804 ut
387 1757 505 1806 caterua
523 1746 613 1804 uirtus
633 1757 663 1806 ct
684 1746 832 1828 disciplina
845 1753 976 1831 populum
996 1760 1025 1817 in
1047 1758 1106 1819 Ec·

102 1830 160 1889 Dei
184 1828 217 1888 ad
240 1848 348 1887 omnem
370 1830 515 1907 pietatem,
539 1830 702 1908 cumprimis
723 1834 807 1893 etiam
835 1834 871 1893 ad
897 1841 1105 1919 suscipiendum

99 1934 123 1972 m
154 1911 227 1983 Dei,
259 1922 289 1972 et
312 1913 447 1990 Spiritum
473 1921 599 1972 sanctum
628 1924 720 1992 aptum
747 1919 839 1996 magis
867 1919 976 1981 reddat.
1021 1923 1103 1987 Deus

99 2016 162 2076 spus
184 2016 262 2054 snum
285 2015 339 2054 nou
364 1997 475 2074 peragit
500 1997 528 2054 in
551 1994 711 2057 hominihus
737 2000 841 2079 impiis,
866 2004 996 2081 quamdiu
1017 2011 1101 2068 vitam

99 2081 209 2140 aloinum
230 2089 260 2137 et
279 2077 510 2156 impoenitentem
538 2090 644 2155 agunt,
673 2091 705 2139 ut
732 2102 825 2163 nequa
846 2095 991 2146 externam
1014 2091 1101 2150 houe-

114 2181 227 2235 curare,
250 2178 342 2241 neque
361 2160 445 2219 ullum
465 2158 568 2223 hnnum
586 2160 714 2223 ordinem
731 2174 761 2224 et
774 2165 950 2245 disciplinam
972 2173 1101 2252 recipere

99 2257 154 2308 tur.

401 2405 602 2472 Articulns
623 2407 680 2470 xl.

342 2547 398 2608 nn
430 2543 633 2609 uccnnsm
657 2544 742 2610 um.
846 2499 848 2502 ’

102 2665 226 2728 redimus
247 2675 277 2726 et
297 2666 474 2737 confitemur,
497 2660 572 2742 qnod
592 2682 648 2722 nna
669 2662 802 2722 Ecclesia
829 2675 926 2726 mnata
955 2678 984 2728 et
1003 2670 1100 2731 catho-

99 2767 116 2825 ι,
140 2763 169 2809 ct
191 2770 304 2828 semper
325 2759 446 2809 maneat.
490 2746 535 2806 Ea
567 2765 635 2806 vero
662 2747 691 2805 in
716 2745 770 2805 hoe
794 2748 896 2808 mundo
917 2761 962 2810 est
982 2754 1099 2814 visibilis

113 2827 254 2893 hoininum
277 2833 397 2891 lidelinm
426 2841 456 2891 ct
476 2841 655 2909 sanctornm,
684 2831 732 2909 qni
757 2831 886 2891 inomni
911 2833 973 2894 loen
1002 2856 1098 2897 veram

99 2937 139 2977 arn
163 2915 316 2973 doctrinam
339 2916 448 2974 Christi
461 2915 677 2993 amplectuntur,
701 2931 737 2972 eo
759 2911 854 2985 mode,
878 2934 933 2994 quo
954 2936 970 2975 a
992 2923 1098 2980 sanctis

99 2999 185 3060 elistis
207 3009 236 3056 et
254 2998 399 3075 Apostolis
421 2999 449 3055 in
479 2998 680 3057 Sacro-sancte
708 2994 866 3076 Evangelio
894 2997 1002 3059 Christi
1028 3001 1097 3063 hde-

98 3097 107 3142 t
130 3099 251 3161 syncera
274 3081 415 3160 preposita
436 3089 497 3153 est,
525 3082 626 3159 quique
648 3080 733 3139 ctiam
760 3099 812 3157 per
835 3082 976 3141 vinculum
1004 3083 1097 3144 chari·

99 3190 107 3227 ι
131 3164 258 3223 omnibus
279 3184 310 3223 se
333 3162 545 3235 accommodant
567 3173 604 3232 et¹
617 3163 796 3222 conformant
823 3161 858 3222 ad
878 3163 968 3242 legem
989 3177 1019 3226 et
1040 3179 1097 3227 sta·

99 3252 147 3310 rici
170 3251 212 3307 sui
235 3249 338 3325 Degis,
359 3246 496 3325 Episcopi
516 3247 659 3325 etcapitis
679 3246 744 3305 lesu
757 3243 876 3318 Christi,
900 3251 1097 3331 mysteriisque

99 3353 161 3415 puae
183 3333 366 3391 communiter
385 3329 568 3389 Sacramenta
590 3328 735 3401 vocamus,
766 3339 894 3400 utuntur,
916 3332 1098 3409 quemadmo-

99 3439 110 3478 a
133 3417 265 3474 Christus
286 3415 419 3485 instituit,
442 3424 471 3473 et
489 3412 691 3490 Evangelistae
712 3424 742 3472 ct
761 3409 893 3491 Apostoli
913 3412 1021 3476 Christi
1036 3415 1099 3478 Do·

100 3509 263 3578 surparnnt,
285 3509 314 3557 et
334 3498 363 3556 in
385 3498 540 3578 Scriptnris
561 3497 651 3555 sacris
673 3496 858 3575 reliquerunt.

100 3596 111 3643 t
142 3584 265 3661 quamvis
294 3581 428 3640 Ecclesia
464 3590 559 3640 sancta
590 3581 704 3659 proprie
732 3580 771 3638 sit
796 3589 894 3638 coetus
921 3592 1093 3655 sanctornm,

99 3667 315 3727 eministerium
343 3665 405 3744 puri
432 3657 524 3726 Verbi
552 3670 582 3721 et
611 3662 813 3723 uenerabilium
834 3661 1094 3737 sacramentorum,

98 3763 143 3811 tes
164 3752 192 3807 in
213 3749 375 3821 Christum,
398 3767 461 3808 cnm
482 3749 544 3825 ipso
565 3764 651 3804 unum
674 3765 777 3825 corpus
803 3746 872 3805 lacti
901 3756 986 3819 sunt,
1014 3757 1045 3807 ct
1064 3750 1094 3808 in

101 3835 186 3894 nione
206 3835 289 3891 nnius
311 3831 395 3902 fidei,
424 3831 507 3889 unias
533 3827 698 3901 charitatis,
726 3829 858 3888 etunius
878 3829 1095 3907 spiritnannam

99 3921 165 3978 alem
187 3918 270 3973 vitam
303 3913 425 3974 ducunt:
451 3913 517 3992 qnia
541 3921 634 3972 tamen
664 3910 821 3971 istiusmodi
850 3912 956 3971 sanctis
982 3930 1095 3992 semper
1132 3907 1137 3918 ’

99 4003 138 4061 nic
155 4000 319 4078 hypocritae
340 3997 456 4055 admixti
479 4004 555 4067 snut,
578 3996 625 4074 qui
648 3994 766 4055 candem
788 3996 936 4054 nritatcm
957 3996 1096 4054 coufiten-

99 4131 101 4142 .
123 4082 158 4141 ad
180 4083 253 4140 illam
277 4090 463 4158 provocantes
481 4098 499 4138 a
520 4077 649 4138 fidelihus
671 4097 874 4157 mepenurncro
901 4074 1040 4153 dignosci,
1065 4091 1096 4139 et

99 4168 181 4229 :lesia
200 4164 347 4242 segregari
369 4183 426 4224 nen
446 4171 581 4241 possunta
602 4160 671 4220 ldeo
691 4160 825 4222 Ecclesia
842 4159 961 4220 visibilia
987 4161 1019 4221 in
1039 4159 1094 4224 hoc

114 4249 290 4327 generaliter
313 4256 431 4306 vocatur
456 4245 548 4304 omnis
568 4255 667 4305 coetus
688 4243 932 4313 Christianorum,
958 4242 1095 4306 tanam

99 4326 847 4410 nrnmctnannsstegsnntnsaganaeaastn.
888 4322 1092 4389 Ethicaini·

809 4416 887 4489 532
