2648 4928
887 39 937 80 ve
956 38 1154 103 surgerem.

551 124 665 201 xxm
677 133 817 195 Doctrina
831 133 1051 194 Romanensinm
1072 131 1110 193 cle
1122 130 1309 213 Purgatorio,

317 250 319 260 ·
447 219 508 295 ΙιῙο
533 219 717 282 veneratione
747 227 777 280 at
803 216 969 277 adoratione
1001 227 1059 277 tunt
1087 217 1263 296 imaginum,

374 342 377 348 ι
468 322 600 365 necnon
621 300 658 365 cle
678 303 856 364 invocatione
878 300 1066 372 Sanctorum,
1097 319 1146 361 rea
1166 311 1213 362 est
1232 300 1307 361 ιη’·

339 442 342 451 .
469 386 565 459 licta,·
579 395 609 445 et
624 386 710 446 inullis
730 384 941 466 scripturarum
964 383 1134 445 testimoniis
1156 384 1307 458 innititur,

470 467 649 530 contradicit.

781 633 831 696 Da
846 634 1007 698 mentione
1028 630 1254 703 Ministrorarm.

550 750 663 815 xxm.
696 749 763 811 Non
783 752 853 813 licet
873 753 1003 831 cuiqnam
1030 770 1143 811 sumere
1165 751 1222 811 sibi
1243 771 1322 812 mun

448 832 593 909 -clicantli,
617 846 666 896 ant
686 833 897 896 administrandi
920 837 1103 895 Sacramenta
1125 836 1153 894 in
1176 834 1311 896 Ecclesia

467 921 507 980 rit
527 918 563 979 ad
585 919 655 980 haec
676 917 806 978 olreunrla
827 920 953 996 legitime
969 928 1085 978 vocatus
1106 919 1260 979 etmiasns.
1316 950 1318 953 v

466 1005 535 1064 time
556 1013 671 1063 vocatos
693 1013 723 1061 et
742 1004 843 1061 missos
864 1003 1028 1062 existimare
1044 1000 1192 1073 dehemus,
1214 1004 1318 1082 quipe

464 1087 519 1146 bus
539 1097 665 1167 potestas
686 1084 806 1147 vocandi
826 1085 978 1145 Ministros
1008 1096 1092 1165 atqoe
1119 1086 1249 1146 mittendi
1272 1087 1304 1146 in

465 1170 578 1249 publice
599 1187 737 1230 concessa
762 1179 807 1230 est
830 1170 859 1228 in
878 1168 1040 1242 Ecclesia„
1067 1170 1192 1251 coaptati
1219 1170 1314 1230 fuerin

467 1253 622 1334 hocopus.

585 1417 636 1480 Da
650 1417 798 1502 praelim
812 1419 949 1502 publicio
968 1418 1108 1482 demea
1123 1418 1157 1480 in
1178 1419 1294 1504 ἱίιιςιιιι
1323 1464 1324 1471 1

547 1534 657 1596 XXIV.
694 1535 807 1616 Lingua
836 1536 937 1618 populo
967 1556 1023 1596 nou
1051 1535 1196 1596 intellecta
1228 1536 1324 1617 publi

463 1636 566 1698 preces
591 1637 754 1699 peragere,
792 1631 842 1680 aut
871 1619 1055 1680 Sacramenta
1085 1619 1304 1695 administrare,

462 1702 621 1783 primitivae
635 1702 789 1766 Ecclesiae
808 1702 1005 1765 consuetudini
1025 1703 1110 1785 plane
1129 1715 1280 1785 repugnat.

862 1868 913 1932 De
939 1867 1163 1934 Socraaamta'a.

483 2054 486 2059 ,
541 1983 641 2047 XXV.
673 1984 859 2048 Sacramenta
881 2006 899 2048 a
920 1985 1040 2049 Claristo
1057 1988 1204 2062 instituta,
1227 2008 1285 2050 non

458 2080 505 2129 tae
532 2069 718 2148 professionis
735 2062 996 2144 'Christianorum
1031 2070 1082 2133 sei
1103 2081 1181 2133 certa
1203 2071 1314 2152 quaeda

459 2153 571 2224 monia,
601 2163 632 2213 et
654 2153 782 2213 efficacia
813 2155 895 2232 signa
921 2155 1031 2230 gratiae
1058 2166 1143 2236 atque
1171 2156 1264 2216 bonae
1293 2177 1314 2215 ιι

457 2232 529 2308 Dei,
547 2253 600 2315 per
619 2254 692 2316 quae
713 2237 894 2297 invisibiliter
912 2239 974 2318 ipse
994 2239 1022 2298 in
1044 2258 1097 2299 noa
1109 2249 1258 2320 operatur,
1281 2260 1320 2300 no

457 2319 488 2379 in
510 2337 544 2381 se
567 2338 623 2378 noo
646 2319 735 2380 solnm
758 2320 883 2392 excitat,
905 2342 1002 2383 verum
1024 2323 1108 2382 ctiam
1130 2322 1289 2383 confirmat.

539 2399 606 2463 Duo
637 2423 655 2463 a
684 2403 799 2464 Christo
830 2401 953 2464 Domino
980 2415 1077 2466 nostro
1105 2406 1135 2464 in
1163 2404 1317 2486 Evangeli

455 2483 659 2559 Sacramenta,
682 2488 809 2546 scilicet:
833 2491 1012 2567 Baptismus,
1035 2499 1065 2548 et
1086 2491 1181 2549 Corae
1200 2492 1319 2550 Bomrua'

539 2570 671 2650 Quinque
693 2571 739 2629 illa
755 2571 838 2649 vulgo
859 2574 1001 2631 nominata
1017 2571 1220 2631 Sacramenta:
1242 2576 1321 2632 scilic

450 2657 647 2730 poentientia,
675 2655 767 2724 ordo,
794 2658 1022 2727 matutinom'um,
1047 2666 1077 2714 et
1093 2666 1221 2715 extremo
1242 2669 1322 2717 unce
