<?xml version="1.0" encoding="UTF-8"?>
<!DOCTYPE html PUBLIC "-//W3C//DTD XHTML 1.0 Transitional//EN"
    "http://www.w3.org/TR/xhtml1/DTD/xhtml1-transitional.dtd">
<html xmlns="http://www.w3.org/1999/xhtml" xml:lang="en" lang="en">
 <head>
  <title>
</title>
<meta http-equiv="Content-Type" content="text/html;charset=utf-8" />
  <meta name='ocr-system' content='tesseract 3.04.00' />
  <meta name='ocr-capabilities' content='ocr_page ocr_carea ocr_par ocr_line ocrx_word'/>
</head>
<body>
  <div class='ocr_page' id='page_1' title='image "./collectioconfes00niemgoog/collectioconfes00niemgoog_0820.png"; bbox 0 0 2648 4928; ppageno 0'>
   <div class='ocr_carea' id='block_1_1' title="bbox 312 282 1081 415">
    <p class='ocr_par' dir='ltr' id='par_1_1' title="bbox 312 282 1081 415">
     <span class='ocr_line' id='line_1_1' title="bbox 312 282 1081 415; baseline 0.013 -50"><span class='ocrx_word' id='word_1_1' title='bbox 312 374 316 381; x_wconf 59' lang='grc'>,</span> <span class='ocrx_word' id='word_1_2' title='bbox 377 295 433 367; x_wconf 79' lang='lat' dir='ltr'><strong>un</strong></span> <span class='ocrx_word' id='word_1_3' title='bbox 456 296 717 403; x_wconf 64' lang='lat' dir='ltr'><strong>angariantur.</strong></span> <span class='ocrx_word' id='word_1_4' title='bbox 981 282 1081 415; x_wconf 67' lang='grc' dir='ltr'><strong>765Ι</strong></span> 
     </span>
    </p>
   </div>
   <div class='ocr_carea' id='block_1_2' title="bbox 94 473 1287 3313">
    <p class='ocr_par' dir='ltr' id='par_1_2' title="bbox 94 473 1287 3313">
     <span class='ocr_line' id='line_1_2' title="bbox 95 473 1060 559; baseline 0.006 -23"><span class='ocrx_word' id='word_1_5' title='bbox 95 487 215 559; x_wconf 77' lang='lat' dir='ltr'><strong>propter</strong></span> <span class='ocrx_word' id='word_1_6' title='bbox 235 473 432 535; x_wconf 77' lang='lat' dir='ltr'><strong>oll&#39;enrlioulnm</strong></span> <span class='ocrx_word' id='word_1_7' title='bbox 454 493 472 535; x_wconf 88' lang='lat' dir='ltr'><strong>e</strong></span> <span class='ocrx_word' id='word_1_8' title='bbox 494 476 607 556; x_wconf 83' lang='lat' dir='ltr'><strong>templis</strong></span> <span class='ocrx_word' id='word_1_9' title='bbox 633 474 839 537; x_wconf 71' lang='lat' dir='ltr'><strong>submovendas</strong></span> <span class='ocrx_word' id='word_1_10' title='bbox 859 495 927 539; x_wconf 81' lang='lat' dir='ltr'><strong>oeae</strong></span> <span class='ocrx_word' id='word_1_11' title='bbox 946 481 1060 543; x_wconf 61' lang='lat' dir='ltr'><strong>univer*</strong></span> 
     </span>
     <span class='ocr_line' id='line_1_3' title="bbox 134 557 1060 637; baseline 0.004 -15"><span class='ocrx_word' id='word_1_12' title='bbox 134 561 210 622; x_wconf 85' lang='lat' dir='ltr'><strong>Sunt</strong></span> <span class='ocrx_word' id='word_1_13' title='bbox 237 559 311 620; x_wconf 88' lang='lat' dir='ltr'><strong>euim</strong></span> <span class='ocrx_word' id='word_1_14' title='bbox 339 561 369 618; x_wconf 92' lang='lat' dir='ltr'><strong>in</strong></span> <span class='ocrx_word' id='word_1_15' title='bbox 390 557 637 620; x_wconf 68' lang='lat' dir='ltr'><strong>Ecclesia&#39;omnia</strong></span> <span class='ocrx_word' id='word_1_16' title='bbox 664 560 859 637; x_wconf 82' lang='lat' dir='ltr'><strong>instituenda,</strong></span> <span class='ocrx_word' id='word_1_17' title='bbox 888 561 925 622; x_wconf 83' lang='lat' dir='ltr'><strong>etl</strong></span> <span class='ocrx_word' id='word_1_18' title='bbox 950 575 1060 626; x_wconf 80' lang='lat' dir='ltr'><strong>certam</strong></span> 
     </span>
     <span class='ocr_line' id='line_1_4' title="bbox 95 640 1059 726; baseline 0.006 -22"><span class='ocrx_word' id='word_1_19' title='bbox 95 645 270 715; x_wconf 83' lang='lat' dir='ltr'><strong>bontionem,</strong></span> <span class='ocrx_word' id='word_1_20' title='bbox 290 640 394 702; x_wconf 79' lang='lat' dir='ltr'><strong>nedum</strong></span> <span class='ocrx_word' id='word_1_21' title='bbox 416 641 521 724; x_wconf 81' lang='lat' dir='ltr'><strong>aliquid</strong></span> <span class='ocrx_word' id='word_1_22' title='bbox 544 641 705 716; x_wconf 78' lang='lat' dir='ltr'><strong>ferentium,</strong></span> <span class='ocrx_word' id='word_1_23' title='bbox 728 643 803 723; x_wconf 86' lang='lat' dir='ltr'><strong>qnod</strong></span> <span class='ocrx_word' id='word_1_24' title='bbox 824 656 911 726; x_wconf 84' lang='lat' dir='ltr'><strong>queat</strong></span> <span class='ocrx_word' id='word_1_25' title='bbox 931 650 1059 710; x_wconf 81' lang='lat' dir='ltr'><strong>oeeaaio-</strong></span> 
     </span>
     <span class='ocr_line' id='line_1_5' title="bbox 120 724 1059 798; baseline 0.009 -12"><span class='ocrx_word' id='word_1_26' title='bbox 120 726 190 788; x_wconf 82' lang='lat' dir='ltr'><strong>‹lnre</strong></span> <span class='ocrx_word' id='word_1_27' title='bbox 218 727 335 798; x_wconf 88' lang='lat' dir='ltr'><strong>ruinae,</strong></span> <span class='ocrx_word' id='word_1_28' title='bbox 368 725 438 785; x_wconf 88' lang='lat' dir='ltr'><strong>nibil</strong></span> <span class='ocrx_word' id='word_1_29' title='bbox 462 745 532 790; x_wconf 81' lang='lat' dir='ltr'><strong>vern</strong></span> <span class='ocrx_word' id='word_1_30' title='bbox 554 724 670 786; x_wconf 75' lang='lat' dir='ltr'><strong>adferre</strong></span> <span class='ocrx_word' id='word_1_31' title='bbox 690 727 849 788; x_wconf 32' lang='lat' dir='ltr'><strong>*commodi</strong></span> <span class='ocrx_word' id='word_1_32' title='bbox 876 728 1059 794; x_wconf 82' lang='lat' dir='ltr'><strong>·Praeteroa</strong></span> 
     </span>
     <span class='ocr_line' id='line_1_6' title="bbox 95 807 1287 888; baseline 0.008 -18"><span class='ocrx_word' id='word_1_33' title='bbox 95 810 104 870; x_wconf 94' lang='grc' dir='ltr'>Ι</span> <span class='ocrx_word' id='word_1_34' title='bbox 130 811 166 870; x_wconf 83' lang='lat' dir='ltr'><strong>tle</strong></span> <span class='ocrx_word' id='word_1_35' title='bbox 189 807 367 870; x_wconf 85' lang='lat' dir='ltr'><strong>admonendo</strong></span> <span class='ocrx_word' id='word_1_36' title='bbox 392 810 479 888; x_wconf 87' lang='lat' dir='ltr'><strong>obijri</strong></span> <span class='ocrx_word' id='word_1_37' title='bbox 505 810 603 881; x_wconf 73' lang='lat' dir='ltr'><strong>uolet,</strong></span> <span class='ocrx_word' id='word_1_38' title='bbox 618 809 673 871; x_wconf 75' lang='lat' dir='ltr'><strong>tt.</strong></span> <span class='ocrx_word' id='word_1_39' title='bbox 703 811 882 873; x_wconf 82' lang='lat' dir='ltr'><strong>Athanasiun&#39;</strong></span> <span class='ocrx_word' id='word_1_40' title='bbox 907 814 1058 876; x_wconf 79' lang='lat' dir='ltr'><strong>eoniutant</strong></span> <span class='ocrx_word' id='word_1_41' title='bbox 1074 823 1232 881; x_wconf 76' lang='lat' dir='ltr'><strong>littranmtru.</strong></span> <span class='ocrx_word' id='word_1_42' title='bbox 1273 822 1287 845; x_wconf 70' lang='lat'><strong>&#39;¹</strong></span> 
     </span>
     <span class='ocr_line' id='line_1_7' title="bbox 95 892 1058 978; baseline 0.004 -24"><span class='ocrx_word' id='word_1_43' title='bbox 95 905 157 966; x_wconf 80' lang='lat' dir='ltr'><strong>tes,</strong></span> <span class='ocrx_word' id='word_1_44' title='bbox 180 892 280 954; x_wconf 89' lang='lat' dir='ltr'><strong>eadem</strong></span> <span class='ocrx_word' id='word_1_45' title='bbox 303 893 483 954; x_wconf 73' lang='lat' dir='ltr'><strong>caussatione</strong></span> <span class='ocrx_word' id='word_1_46' title='bbox 509 912 561 953; x_wconf 88' lang='lat' dir='ltr'><strong>aua</strong></span> <span class='ocrx_word' id='word_1_47' title='bbox 588 892 664 952; x_wconf 82' lang='lat' dir='ltr'><strong>idola</strong></span> <span class='ocrx_word' id='word_1_48' title='bbox 695 893 899 968; x_wconf 75' lang='lat' dir='ltr'><strong>defendentes,</strong></span> <span class='ocrx_word' id='word_1_49' title='bbox 922 898 966 957; x_wconf 85' lang='lat' dir='ltr'><strong>aie</strong></span> <span class='ocrx_word' id='word_1_50' title='bbox 988 900 1058 978; x_wconf 85' lang='lat' dir='ltr'><strong>roij-</strong></span> 
     </span>
     <span class='ocr_line' id='line_1_8' title="bbox 112 977 1058 1057; baseline 0.004 -19"><span class='ocrx_word' id='word_1_51' title='bbox 112 977 354 1057; x_wconf 56' lang='lat' dir='ltr'><strong>Diearbquaeso,</strong></span> <span class='ocrx_word' id='word_1_52' title='bbox 378 995 433 1056; x_wconf 88' lang='lat' dir='ltr'><strong>qno</strong></span> <span class='ocrx_word' id='word_1_53' title='bbox 445 987 529 1057; x_wconf 77' lang='lat' dir='ltr'><strong>paeto</strong></span> <span class='ocrx_word' id='word_1_54' title='bbox 541 995 593 1055; x_wconf 83' lang='lat' dir='ltr'><strong>per</strong></span> <span class='ocrx_word' id='word_1_55' title='bbox 611 977 782 1038; x_wconf 82' lang='lat' dir='ltr'><strong>rimulaebra</strong></span> <span class='ocrx_word' id='word_1_56' title='bbox 802 991 938 1042; x_wconf 79' lang='lat' dir='ltr'><strong>noscatur</strong></span> <span class='ocrx_word' id='word_1_57' title='bbox 952 979 1058 1042; x_wconf 68' lang='lat' dir='ltr'><strong>Deua?</strong></span> 
     </span>
     <span class='ocr_line' id='line_1_9' title="bbox 95 1060 1057 1210; baseline 0.004 -89"><span class='ocrx_word' id='word_1_58' title='bbox 95 1080 140 1209; x_wconf 53' lang='grc' dir='ltr'>ιὲι</span> <span class='ocrx_word' id='word_1_59' title='bbox 161 1061 388 1204; x_wconf 43' lang='lat' dir='ltr'><strong>circumegerit?</strong></span> <span class='ocrx_word' id='word_1_60' title='bbox 412 1061 467 1204; x_wconf 54' lang='lat' dir='ltr'><strong>initas</strong></span> <span class='ocrx_word' id='word_1_61' title='bbox 483 1060 654 1158; x_wconf 77' lang='lat' dir='ltr'><strong>materiam?</strong></span> <span class='ocrx_word' id='word_1_62' title='bbox 675 1080 711 1161; x_wconf 70' lang='lat' dir='ltr'><strong>an</strong></span> <span class='ocrx_word' id='word_1_63' title='bbox 733 1080 786 1204; x_wconf 47' lang='lat' dir='ltr'><strong>per</strong></span> <span class='ocrx_word' id='word_1_64' title='bbox 805 1062 946 1124; x_wconf 82' lang='lat' dir='ltr'><strong>inductam</strong></span> <span class='ocrx_word' id='word_1_65' title='bbox 968 1075 1057 1210; x_wconf 55' lang='lat' dir='ltr'><strong>natz-</strong></span> 
     </span>
     <span class='ocr_line' id='line_1_10' title="bbox 121 1162 1079 1216; baseline 0.004 -11"><span class='ocrx_word' id='word_1_66' title='bbox 121 1164 227 1205; x_wconf 89' lang='lat' dir='ltr'><strong>ormam</strong></span> <span class='ocrx_word' id='word_1_67' title='bbox 302 1163 350 1203; x_wconf 88' lang='grc' dir='ltr'><strong>ιο</strong></span> <span class='ocrx_word' id='word_1_68' title='bbox 391 1163 434 1204; x_wconf 89' lang='lat' dir='ltr'><strong>rna</strong></span> <span class='ocrx_word' id='word_1_69' title='bbox 466 1163 555 1216; x_wconf 84' lang='lat' dir='ltr'><strong>mam,</strong></span> <span class='ocrx_word' id='word_1_70' title='bbox 598 1162 652 1204; x_wconf 89' lang='lat' dir='ltr'><strong>uae</strong></span> <span class='ocrx_word' id='word_1_71' title='bbox 674 1164 728 1205; x_wconf 86' lang='lat' dir='ltr'><strong>ram</strong></span> <span class='ocrx_word' id='word_1_72' title='bbox 763 1166 860 1207; x_wconf 87' lang='lat' dir='ltr'><strong>ermae</strong></span> <span class='ocrx_word' id='word_1_73' title='bbox 883 1167 997 1208; x_wconf 82' lang='lat' dir='ltr'><strong>necessu</strong></span> <span class='ocrx_word' id='word_1_74' title='bbox 1073 1174 1079 1189; x_wconf 92' lang='lat'><strong>·</strong></span> 
     </span>
     <span class='ocr_line' id='line_1_11' title="bbox 95 1164 1056 1312; baseline 0.005 -24"><span class='ocrx_word' id='word_1_75' title='bbox 95 1248 136 1288; x_wconf 75' lang='lat' dir='ltr'><strong>ton</strong></span> <span class='ocrx_word' id='word_1_76' title='bbox 149 1229 229 1308; x_wconf 83' lang='lat' dir='ltr'><strong>priua</strong></span> <span class='ocrx_word' id='word_1_77' title='bbox 245 1229 327 1287; x_wconf 89' lang='lat' dir='ltr'><strong>etiam</strong></span> <span class='ocrx_word' id='word_1_78' title='bbox 347 1247 429 1306; x_wconf 85' lang='lat' dir='ltr'><strong>qnam</strong></span> <span class='ocrx_word' id='word_1_79' title='bbox 448 1230 504 1288; x_wconf 87' lang='lat' dir='ltr'><strong>iata</strong></span> <span class='ocrx_word' id='word_1_80' title='bbox 523 1164 709 1306; x_wconf 58' lang='lat' dir='ltr'><strong>flagitentur,</strong></span> <span class='ocrx_word' id='word_1_81' title='bbox 730 1248 784 1308; x_wconf 85' lang='lat' dir='ltr'><strong>per</strong></span> <span class='ocrx_word' id='word_1_82' title='bbox 804 1250 917 1291; x_wconf 88' lang='lat' dir='ltr'><strong>omnem</strong></span> <span class='ocrx_word' id='word_1_83' title='bbox 937 1188 1056 1312; x_wconf 63' lang='lat' dir='ltr'><strong>prorae:</strong></span> 
     </span>
     <span class='ocr_line' id='line_1_12' title="bbox 95 1311 1057 1476; baseline 0.005 -22"><span class='ocrx_word' id='word_1_84' title='bbox 95 1311 498 1474; x_wconf 56' lang='lat' dir='ltr'><strong>l‘lttttllttlnltta</strong></span> <span class='ocrx_word' id='word_1_85' title='bbox 512 1315 1057 1476; x_wconf 48' lang='lat' dir='ltr'><strong>attentatalttllnltltl</strong></span> 
     </span>
     <span class='ocr_line' id='line_1_13' title="bbox 108 1477 1055 1559; baseline 0.004 -21"><span class='ocrx_word' id='word_1_86' title='bbox 108 1477 175 1559; x_wconf 85' lang='lat' dir='ltr'><strong>qnid</strong></span> <span class='ocrx_word' id='word_1_87' title='bbox 196 1480 252 1538; x_wconf 90' lang='lat' dir='ltr'><strong>iam</strong></span> <span class='ocrx_word' id='word_1_88' title='bbox 272 1479 384 1557; x_wconf 82' lang='lat' dir='ltr'><strong>pictura</strong></span> <span class='ocrx_word' id='word_1_89' title='bbox 405 1489 576 1557; x_wconf 84' lang='lat' dir='ltr'><strong>caeteraque</strong></span> <span class='ocrx_word' id='word_1_90' title='bbox 598 1480 719 1539; x_wconf 85' lang='lat' dir='ltr'><strong>materia</strong></span> <span class='ocrx_word' id='word_1_91' title='bbox 747 1499 819 1559; x_wconf 87' lang='lat' dir='ltr'><strong>opus</strong></span> <span class='ocrx_word' id='word_1_92' title='bbox 841 1491 904 1554; x_wconf 86' lang='lat' dir='ltr'><strong>eet,</strong></span> <span class='ocrx_word' id='word_1_93' title='bbox 936 1501 971 1541; x_wconf 88' lang='lat' dir='ltr'><strong>ao</strong></span> <span class='ocrx_word' id='word_1_94' title='bbox 999 1503 1055 1542; x_wconf 91' lang='lat' dir='ltr'><strong>uon</strong></span> 
     </span>
     <span class='ocr_line' id='line_1_14' title="bbox 94 1554 1068 1641; baseline 0.004 -20"><span class='ocrx_word' id='word_1_95' title='bbox 94 1563 118 1622; x_wconf 81' lang='lat' dir='ltr'><strong>lo</strong></span> <span class='ocrx_word' id='word_1_96' title='bbox 145 1580 197 1641; x_wconf 83' lang='lat' dir='ltr'><strong>per</strong></span> <span class='ocrx_word' id='word_1_97' title='bbox 220 1561 284 1641; x_wconf 80' lang='lat' dir='ltr'><strong>ipra</strong></span> <span class='ocrx_word' id='word_1_98' title='bbox 314 1581 383 1622; x_wconf 86' lang='lat' dir='ltr'><strong>vera</strong></span> <span class='ocrx_word' id='word_1_99' title='bbox 411 1562 560 1633; x_wconf 85' lang='lat' dir='ltr'><strong>animalia,</strong></span> <span class='ocrx_word' id='word_1_100' title='bbox 594 1582 712 1641; x_wconf 84' lang='lat' dir='ltr'><strong>quorum</strong></span> <span class='ocrx_word' id='word_1_101' title='bbox 745 1562 855 1623; x_wconf 81' lang='lat' dir='ltr'><strong>formae</strong></span> <span class='ocrx_word' id='word_1_102' title='bbox 887 1554 1068 1625; x_wconf 66' lang='lat' dir='ltr'><strong>simulachra</strong></span> 
     </span>
     <span class='ocr_line' id='line_1_15' title="bbox 100 1643 1057 1728; baseline 0.006 -23"><span class='ocrx_word' id='word_1_103' title='bbox 100 1688 110 1716; x_wconf 93' lang='lat'><strong>,</strong></span> <span class='ocrx_word' id='word_1_104' title='bbox 141 1644 223 1705; x_wconf 79' lang='lat' dir='ltr'><strong>Deua</strong></span> <span class='ocrx_word' id='word_1_105' title='bbox 252 1644 458 1725; x_wconf 71' lang='lat' dir='ltr'><strong>cognoscitur?</strong></span> <span class='ocrx_word' id='word_1_106' title='bbox 488 1643 562 1704; x_wconf 88' lang='lat' dir='ltr'><strong>Nam</strong></span> <span class='ocrx_word' id='word_1_107' title='bbox 590 1647 695 1705; x_wconf 80' lang='lat' dir='ltr'><strong>elarius</strong></span> <span class='ocrx_word' id='word_1_108' title='bbox 723 1646 852 1725; x_wconf 78' lang='lat' dir='ltr'><strong>prolecto</strong></span> <span class='ocrx_word' id='word_1_109' title='bbox 879 1645 937 1708; x_wconf 86' lang='lat' dir='ltr'><strong>Doi</strong></span> <span class='ocrx_word' id='word_1_110' title='bbox 964 1649 1057 1728; x_wconf 72' lang='lat' dir='ltr'><strong>glorie</strong></span> 
     </span>
     <span class='ocr_line' id='line_1_16' title="bbox 96 1729 1054 1812; baseline 0.004 -23"><span class='ocrx_word' id='word_1_111' title='bbox 96 1738 238 1799; x_wconf 74' lang='lat' dir='ltr'><strong>terreret,</strong></span> <span class='ocrx_word' id='word_1_112' title='bbox 267 1730 293 1788; x_wconf 89' lang='lat' dir='ltr'><strong>ai</strong></span> <span class='ocrx_word' id='word_1_113' title='bbox 326 1748 380 1812; x_wconf 83' lang='lat' dir='ltr'><strong>per</strong></span> <span class='ocrx_word' id='word_1_114' title='bbox 405 1729 529 1789; x_wconf 85' lang='lat' dir='ltr'><strong>animata</strong></span> <span class='ocrx_word' id='word_1_115' title='bbox 563 1729 744 1790; x_wconf 70' lang='lat' dir='ltr'><strong>rationabilia</strong></span> <span class='ocrx_word' id='word_1_116' title='bbox 775 1740 807 1790; x_wconf 87' lang='lat' dir='ltr'><strong>et</strong></span> <span class='ocrx_word' id='word_1_117' title='bbox 835 1731 1054 1806; x_wconf 85' lang='lat' dir='ltr'><strong>irrationabilia,</strong></span> 
     </span>
     <span class='ocr_line' id='line_1_17' title="bbox 95 1812 1057 1894; baseline 0.006 -22"><span class='ocrx_word' id='word_1_118' title='bbox 95 1832 109 1872; x_wconf 92' lang='lat' dir='ltr'><strong>n</strong></span> <span class='ocrx_word' id='word_1_119' title='bbox 135 1830 189 1892; x_wconf 80' lang='lat' dir='ltr'><strong>per</strong></span> <span class='ocrx_word' id='word_1_120' title='bbox 217 1812 371 1872; x_wconf 87' lang='lat' dir='ltr'><strong>inanimata</strong></span> <span class='ocrx_word' id='word_1_121' title='bbox 393 1823 478 1894; x_wconf 86' lang='lat' dir='ltr'><strong>atque</strong></span> <span class='ocrx_word' id='word_1_122' title='bbox 505 1813 660 1874; x_wconf 77' lang='lat' dir='ltr'><strong>immobilia</strong></span> <span class='ocrx_word' id='word_1_123' title='bbox 693 1814 933 1877; x_wconf 79' lang='lat' dir='ltr'><strong>mauiloatorotur.</strong></span> <span class='ocrx_word' id='word_1_124' title='bbox 983 1813 1057 1878; x_wconf 84' lang='lat' dir='ltr'><strong>Cum</strong></span> 
     </span>
     <span class='ocr_line' id='line_1_18' title="bbox 95 1893 1056 1978; baseline 0.009 -27"><span class='ocrx_word' id='word_1_125' title='bbox 95 1916 100 1951; x_wconf 85' lang='grc' dir='ltr'>ι</span> <span class='ocrx_word' id='word_1_126' title='bbox 125 1893 301 1974; x_wconf 77' lang='lat' dir='ltr'><strong>intelligendi</strong></span> <span class='ocrx_word' id='word_1_127' title='bbox 326 1895 385 1957; x_wconf 86' lang='lat' dir='ltr'><strong>Dei</strong></span> <span class='ocrx_word' id='word_1_128' title='bbox 413 1896 507 1977; x_wconf 80' lang='lat' dir='ltr'><strong>gratia</strong></span> <span class='ocrx_word' id='word_1_129' title='bbox 538 1897 667 1977; x_wconf 83' lang='lat' dir='ltr'><strong>aeulpitia</strong></span> <span class='ocrx_word' id='word_1_130' title='bbox 688 1906 738 1957; x_wconf 89' lang='lat' dir='ltr'><strong>ant</strong></span> <span class='ocrx_word' id='word_1_131' title='bbox 766 1896 874 1976; x_wconf 74' lang='lat' dir='ltr'><strong>lingitia</strong></span> <span class='ocrx_word' id='word_1_132' title='bbox 902 1899 1056 1978; x_wconf 71' lang='lat' dir='ltr'><strong>imaginor,</strong></span> 
     </span>
     <span class='ocr_line' id='line_1_19' title="bbox 109 1979 1216 2059; baseline 0.005 -21"><span class='ocrx_word' id='word_1_133' title='bbox 109 1980 238 2059; x_wconf 72' lang='lat' dir='ltr'><strong>proiecto</strong></span> <span class='ocrx_word' id='word_1_134' title='bbox 260 1979 374 2039; x_wconf 87' lang='lat' dir='ltr'><strong>minime</strong></span> <span class='ocrx_word' id='word_1_135' title='bbox 396 1980 510 2059; x_wconf 75' lang='lat' dir='ltr'><strong>diguam</strong></span> <span class='ocrx_word' id='word_1_136' title='bbox 530 1979 635 2044; x_wconf 76' lang='lat' dir='ltr'><strong>lanitio.</strong></span> <span class='ocrx_word' id='word_1_137' title='bbox 677 1980 761 2041; x_wconf 84' lang='lat' dir='ltr'><strong>liaeo</strong></span> <span class='ocrx_word' id='word_1_138' title='bbox 776 1982 848 2043; x_wconf 77' lang='lat' dir='ltr'><strong>tlte.</strong></span> <span class='ocrx_word' id='word_1_139' title='bbox 891 1979 1057 2043; x_wconf 74' lang='lat' dir='ltr'><strong>Larentina</strong></span> <span class='ocrx_word' id='word_1_140' title='bbox 1068 1997 1216 2050; x_wconf 68' lang='lat' dir='ltr'><strong>tenorum</strong></span> 
     </span>
     <span class='ocr_line' id='line_1_20' title="bbox 95 2061 1058 2143; baseline 0.003 -19"><span class='ocrx_word' id='word_1_141' title='bbox 95 2080 137 2143; x_wconf 73' lang='lat' dir='ltr'><strong>tue</strong></span> <span class='ocrx_word' id='word_1_142' title='bbox 157 2063 245 2123; x_wconf 89' lang='lat' dir='ltr'><strong>multa</strong></span> <span class='ocrx_word' id='word_1_143' title='bbox 265 2073 366 2122; x_wconf 81' lang='lat' dir='ltr'><strong>eontra</strong></span> <span class='ocrx_word' id='word_1_144' title='bbox 382 2061 457 2123; x_wconf 88' lang='lat' dir='ltr'><strong>buno</strong></span> <span class='ocrx_word' id='word_1_145' title='bbox 478 2073 655 2142; x_wconf 81' lang='lat' dir='ltr'><strong>praetextum</strong></span> <span class='ocrx_word' id='word_1_146' title='bbox 668 2063 718 2126; x_wconf 86' lang='lat' dir='ltr'><strong>lib.</strong></span> <span class='ocrx_word' id='word_1_147' title='bbox 735 2074 766 2125; x_wconf 86' lang='lat'><strong>2.</strong></span> <span class='ocrx_word' id='word_1_148' title='bbox 784 2062 853 2125; x_wconf 82' lang='lat' dir='ltr'><strong>divi.</strong></span> <span class='ocrx_word' id='word_1_149' title='bbox 869 2066 981 2127; x_wconf 81' lang='lat' dir='ltr'><strong>inolitu.</strong></span> <span class='ocrx_word' id='word_1_150' title='bbox 996 2064 1058 2126; x_wconf 82' lang='lat' dir='ltr'><strong>dia·</strong></span> 
     </span>
     <span class='ocr_line' id='line_1_21' title="bbox 95 2144 1057 2229; baseline 0.004 -25"><span class='ocrx_word' id='word_1_151' title='bbox 95 2145 128 2205; x_wconf 86' lang='lat' dir='ltr'><strong>lt.</strong></span> <span class='ocrx_word' id='word_1_152' title='bbox 171 2144 300 2207; x_wconf 79' lang='lat' dir='ltr'><strong>Omnino</strong></span> <span class='ocrx_word' id='word_1_153' title='bbox 319 2147 395 2205; x_wconf 87' lang='lat' dir='ltr'><strong>enim</strong></span> <span class='ocrx_word' id='word_1_154' title='bbox 416 2147 457 2217; x_wconf 84' lang='lat' dir='ltr'><strong>ei,</strong></span> <span class='ocrx_word' id='word_1_155' title='bbox 481 2146 529 2224; x_wconf 86' lang='lat' dir='ltr'><strong>qui</strong></span> <span class='ocrx_word' id='word_1_156' title='bbox 550 2144 608 2206; x_wconf 87' lang='lat' dir='ltr'><strong>Dei</strong></span> <span class='ocrx_word' id='word_1_157' title='bbox 629 2144 778 2207; x_wconf 79' lang='lat' dir='ltr'><strong>admoneri</strong></span> <span class='ocrx_word' id='word_1_158' title='bbox 795 2166 860 2207; x_wconf 85' lang='lat' dir='ltr'><strong>eum</strong></span> <span class='ocrx_word' id='word_1_159' title='bbox 880 2148 973 2210; x_wconf 76' lang='lat' dir='ltr'><strong>funem</strong></span> <span class='ocrx_word' id='word_1_160' title='bbox 992 2158 1057 2229; x_wconf 81' lang='lat' dir='ltr'><strong>pot·</strong></span> 
     </span>
     <span class='ocr_line' id='line_1_22' title="bbox 113 2227 1057 2312; baseline 0.001 -22"><span class='ocrx_word' id='word_1_161' title='bbox 113 2240 229 2310; x_wconf 66' lang='lat' dir='ltr'><strong>praeter</strong></span> <span class='ocrx_word' id='word_1_162' title='bbox 252 2227 459 2289; x_wconf 76' lang='lat' dir='ltr'><strong>adhortationi·</strong></span> <span class='ocrx_word' id='word_1_163' title='bbox 486 2228 622 2301; x_wconf 88' lang='lat' dir='ltr'><strong>verbnm,</strong></span> <span class='ocrx_word' id='word_1_164' title='bbox 653 2231 716 2310; x_wconf 81' lang='lat' dir='ltr'><strong>ipsa</strong></span> <span class='ocrx_word' id='word_1_165' title='bbox 751 2227 810 2289; x_wconf 87' lang='lat' dir='ltr'><strong>Dei</strong></span> <span class='ocrx_word' id='word_1_166' title='bbox 835 2230 900 2291; x_wconf 82' lang='lat' dir='ltr'><strong>vira</strong></span> <span class='ocrx_word' id='word_1_167' title='bbox 930 2249 1057 2312; x_wconf 78' lang='lat' dir='ltr'><strong>veraque</strong></span> 
     </span>
     <span class='ocr_line' id='line_1_23' title="bbox 95 2308 1054 2391; baseline 0.004 -20"><span class='ocrx_word' id='word_1_168' title='bbox 95 2328 116 2371; x_wconf 71' lang='lat' dir='ltr'><strong>a</strong></span> <span class='ocrx_word' id='word_1_169' title='bbox 136 2313 191 2374; x_wconf 85' lang='lat' dir='ltr'><strong>bue</strong></span> <span class='ocrx_word' id='word_1_170' title='bbox 211 2313 297 2391; x_wconf 82' lang='lat' dir='ltr'><strong>longe</strong></span> <span class='ocrx_word' id='word_1_171' title='bbox 318 2312 460 2372; x_wconf 77' lang='lat' dir='ltr'><strong>efficacius</strong></span> <span class='ocrx_word' id='word_1_172' title='bbox 487 2308 664 2383; x_wconf 80' lang='lat' dir='ltr'><strong>conducent,</strong></span> <span class='ocrx_word' id='word_1_173' title='bbox 687 2313 767 2373; x_wconf 81' lang='lat' dir='ltr'><strong>venir</strong></span> <span class='ocrx_word' id='word_1_174' title='bbox 790 2313 846 2373; x_wconf 88' lang='lat' dir='ltr'><strong>illia</strong></span> <span class='ocrx_word' id='word_1_175' title='bbox 863 2313 1054 2386; x_wconf 77' lang='lat' dir='ltr'><strong>aimulnebria,</strong></span> 
     </span>
     <span class='ocr_line' id='line_1_24' title="bbox 95 2394 1056 2476; baseline 0.004 -22"><span class='ocrx_word' id='word_1_176' title='bbox 95 2406 221 2476; x_wconf 73' lang='lat' dir='ltr'><strong>tparant</strong></span> <span class='ocrx_word' id='word_1_177' title='bbox 247 2395 389 2456; x_wconf 82' lang='lat' dir='ltr'><strong>hominen.</strong></span> <span class='ocrx_word' id='word_1_178' title='bbox 433 2394 518 2455; x_wconf 82' lang='lat' dir='ltr'><strong>ilaue</strong></span> <span class='ocrx_word' id='word_1_179' title='bbox 538 2414 602 2455; x_wconf 88' lang='lat' dir='ltr'><strong>enm</strong></span> <span class='ocrx_word' id='word_1_180' title='bbox 628 2413 707 2455; x_wconf 87' lang='lat' dir='ltr'><strong>auam</strong></span> <span class='ocrx_word' id='word_1_181' title='bbox 735 2414 803 2456; x_wconf 79' lang='lat' dir='ltr'><strong>aare</strong></span> <span class='ocrx_word' id='word_1_182' title='bbox 826 2397 997 2457; x_wconf 75' lang='lat' dir='ltr'><strong>seutentiam</strong></span> <span class='ocrx_word' id='word_1_183' title='bbox 1017 2395 1056 2459; x_wconf 81' lang='lat' dir='ltr'><strong>tle</strong></span> 
     </span>
     <span class='ocr_line' id='line_1_25' title="bbox 95 2476 1054 2619; baseline 0 -81"><span class='ocrx_word' id='word_1_184' title='bbox 95 2478 198 2619; x_wconf 54' lang='grc' dir='ltr'>ῗιίὺιι</span> <span class='ocrx_word' id='word_1_185' title='bbox 226 2476 309 2539; x_wconf 81' lang='lat' dir='ltr'><strong>Deua</strong></span> <span class='ocrx_word' id='word_1_186' title='bbox 336 2489 378 2539; x_wconf 92' lang='lat' dir='ltr'><strong>tot</strong></span> <span class='ocrx_word' id='word_1_187' title='bbox 411 2480 567 2560; x_wconf 78' lang='lat' dir='ltr'><strong>scripturae</strong></span> <span class='ocrx_word' id='word_1_188' title='bbox 597 2480 670 2540; x_wconf 83' lang='lat' dir='ltr'><strong>looir</strong></span> <span class='ocrx_word' id='word_1_189' title='bbox 699 2477 812 2540; x_wconf 83' lang='lat' dir='ltr'><strong>abunde</strong></span> <span class='ocrx_word' id='word_1_190' title='bbox 847 2488 968 2540; x_wconf 79' lang='lat' dir='ltr'><strong>tentatur</strong></span> <span class='ocrx_word' id='word_1_191' title='bbox 1002 2481 1054 2555; x_wconf 80' lang='lat' dir='ltr'><strong>rit,</strong></span> 
     </span>
     <span class='ocr_line' id='line_1_26' title="bbox 122 2562 1059 2642; baseline 0.001 -19"><span class='ocrx_word' id='word_1_192' title='bbox 122 2564 274 2623; x_wconf 79' lang='lat' dir='ltr'><strong>conveniet</strong></span> <span class='ocrx_word' id='word_1_193' title='bbox 294 2582 346 2623; x_wconf 83' lang='lat' dir='ltr'><strong>uos</strong></span> <span class='ocrx_word' id='word_1_194' title='bbox 366 2563 512 2634; x_wconf 82' lang='lat' dir='ltr'><strong>homines,</strong></span> <span class='ocrx_word' id='word_1_195' title='bbox 535 2581 589 2642; x_wconf 85' lang='lat' dir='ltr'><strong>per</strong></span> <span class='ocrx_word' id='word_1_196' title='bbox 607 2582 658 2624; x_wconf 80' lang='grc' dir='ltr'><strong>ιιι</strong></span> <span class='ocrx_word' id='word_1_197' title='bbox 680 2580 819 2642; x_wconf 74' lang='lat' dir='ltr'><strong>quarum</strong></span> <span class='ocrx_word' id='word_1_198' title='bbox 844 2562 1014 2637; x_wconf 73' lang='lat' dir='ltr'><strong>utilitatem,</strong></span> <span class='ocrx_word' id='word_1_199' title='bbox 1037 2576 1059 2624; x_wconf 88' lang='grc' dir='ltr'>ι·</span> 
     </span>
     <span class='ocr_line' id='line_1_27' title="bbox 95 2645 1056 2727; baseline 0.003 -24"><span class='ocrx_word' id='word_1_200' title='bbox 95 2663 127 2703; x_wconf 90' lang='grc' dir='ltr'><strong>ιιι</strong></span> <span class='ocrx_word' id='word_1_201' title='bbox 148 2645 231 2708; x_wconf 79' lang='lat' dir='ltr'><strong>Dono</strong></span> <span class='ocrx_word' id='word_1_202' title='bbox 256 2647 346 2707; x_wconf 84' lang='lat' dir='ltr'><strong>vitare</strong></span> <span class='ocrx_word' id='word_1_203' title='bbox 372 2647 528 2726; x_wconf 80' lang='lat' dir='ltr'><strong>perieulum</strong></span> <span class='ocrx_word' id='word_1_204' title='bbox 550 2647 649 2719; x_wconf 84' lang='lat' dir='ltr'><strong>iussit,</strong></span> <span class='ocrx_word' id='word_1_205' title='bbox 681 2647 804 2707; x_wconf 89' lang='lat' dir='ltr'><strong>maxime</strong></span> <span class='ocrx_word' id='word_1_206' title='bbox 824 2665 888 2706; x_wconf 87' lang='lat' dir='ltr'><strong>eum</strong></span> <span class='ocrx_word' id='word_1_207' title='bbox 910 2646 966 2726; x_wconf 83' lang='lat' dir='ltr'><strong>ipsi</strong></span> <span class='ocrx_word' id='word_1_208' title='bbox 985 2666 1056 2727; x_wconf 88' lang='lat' dir='ltr'><strong>quo·</strong></span> 
     </span>
     <span class='ocr_line' id='line_1_28' title="bbox 102 2713 1055 2811; baseline 0.002 -21"><span class='ocrx_word' id='word_1_209' title='bbox 102 2713 212 2811; x_wconf 69' lang='lat' dir='ltr'><strong>bxporti</strong></span> <span class='ocrx_word' id='word_1_210' title='bbox 234 2730 334 2802; x_wconf 87' lang='lat' dir='ltr'><strong>simus,</strong></span> <span class='ocrx_word' id='word_1_211' title='bbox 359 2741 533 2811; x_wconf 76' lang='lat' dir='ltr'><strong>quantopere</strong></span> <span class='ocrx_word' id='word_1_212' title='bbox 555 2732 654 2809; x_wconf 83' lang='lat' dir='ltr'><strong>pietati</strong></span> <span class='ocrx_word' id='word_1_213' title='bbox 674 2729 807 2790; x_wconf 82' lang='lat' dir='ltr'><strong>officiant.</strong></span> <span class='ocrx_word' id='word_1_214' title='bbox 852 2729 913 2790; x_wconf 87' lang='lat' dir='ltr'><strong>Por</strong></span> <span class='ocrx_word' id='word_1_215' title='bbox 931 2749 972 2792; x_wconf 87' lang='lat' dir='ltr'><strong>-ae</strong></span> <span class='ocrx_word' id='word_1_216' title='bbox 992 2733 1055 2811; x_wconf 83' lang='lat' dir='ltr'><strong>qui·</strong></span> 
     </span>
     <span class='ocr_line' id='line_1_29' title="bbox 107 2813 1056 2892; baseline 0.004 -21"><span class='ocrx_word' id='word_1_217' title='bbox 107 2813 242 2874; x_wconf 83' lang='lat' dir='ltr'><strong>&#39;liberum</strong></span> <span class='ocrx_word' id='word_1_218' title='bbox 267 2833 333 2873; x_wconf 83' lang='lat' dir='ltr'><strong>esse</strong></span> <span class='ocrx_word' id='word_1_219' title='bbox 363 2834 444 2873; x_wconf 90' lang='lat' dir='ltr'><strong>usum</strong></span> <span class='ocrx_word' id='word_1_220' title='bbox 472 2813 623 2892; x_wconf 82' lang='lat' dir='ltr'><strong>imaginum</strong></span> <span class='ocrx_word' id='word_1_221' title='bbox 646 2823 677 2874; x_wconf 82' lang='lat' dir='ltr'><strong>et</strong></span> <span class='ocrx_word' id='word_1_222' title='bbox 712 2815 801 2874; x_wconf 79' lang='lat' dir='ltr'><strong>nostri</strong></span> <span class='ocrx_word' id='word_1_223' title='bbox 830 2813 976 2887; x_wconf 82' lang='lat' dir='ltr'><strong>latentur,</strong></span> <span class='ocrx_word' id='word_1_224' title='bbox 1004 2813 1056 2875; x_wconf 81' lang='lat' dir='ltr'><strong>rod</strong></span> 
     </span>
     <span class='ocr_line' id='line_1_30' title="bbox 95 2895 1056 2977; baseline 0.007 -26"><span class='ocrx_word' id='word_1_225' title='bbox 95 2898 204 2957; x_wconf 83' lang='lat' dir='ltr'><strong>tlumris</strong></span> <span class='ocrx_word' id='word_1_226' title='bbox 228 2896 301 2955; x_wconf 86' lang='lat' dir='ltr'><strong>liber</strong></span> <span class='ocrx_word' id='word_1_227' title='bbox 323 2898 378 2969; x_wconf 83' lang='lat' dir='ltr'><strong>sit,</strong></span> <span class='ocrx_word' id='word_1_228' title='bbox 400 2897 566 2957; x_wconf 83' lang='lat' dir='ltr'><strong>Christiano</strong></span> <span class='ocrx_word' id='word_1_229' title='bbox 587 2896 771 2976; x_wconf 76' lang='lat' dir='ltr'><strong>spectandum</strong></span> <span class='ocrx_word' id='word_1_230' title='bbox 793 2906 854 2969; x_wconf 81' lang='lat' dir='ltr'><strong>ert,</strong></span> <span class='ocrx_word' id='word_1_231' title='bbox 877 2895 946 2977; x_wconf 75' lang='lat' dir='ltr'><strong>quill</strong></span> <span class='ocrx_word' id='word_1_232' title='bbox 969 2916 1056 2977; x_wconf 58' lang='lat' dir='ltr'><strong>expo</strong></span> 
     </span>
     <span class='ocr_line' id='line_1_31' title="bbox 95 2978 1055 3060; baseline -0.002 -20"><span class='ocrx_word' id='word_1_233' title='bbox 95 3020 99 3040; x_wconf 58' lang='grc' dir='ltr'>ι</span> <span class='ocrx_word' id='word_1_234' title='bbox 120 2979 186 3060; x_wconf 80' lang='lat' dir='ltr'><strong>quid</strong></span> <span class='ocrx_word' id='word_1_235' title='bbox 208 2978 351 3052; x_wconf 78' lang='lat' dir='ltr'><strong>aedificet,</strong></span> <span class='ocrx_word' id='word_1_236' title='bbox 375 2991 406 3040; x_wconf 90' lang='lat' dir='ltr'><strong>et</strong></span> <span class='ocrx_word' id='word_1_237' title='bbox 425 3000 461 3041; x_wconf 86' lang='lat' dir='ltr'><strong>eo</strong></span> <span class='ocrx_word' id='word_1_238' title='bbox 483 2981 552 3052; x_wconf 82' lang='lat' dir='ltr'><strong>loni,</strong></span> <span class='ocrx_word' id='word_1_239' title='bbox 571 2999 661 3060; x_wconf 88' lang='lat' dir='ltr'><strong>eaque</strong></span> <span class='ocrx_word' id='word_1_240' title='bbox 682 2982 794 3041; x_wconf 88' lang='lat' dir='ltr'><strong>ratione</strong></span> <span class='ocrx_word' id='word_1_241' title='bbox 812 2979 982 3060; x_wconf 70' lang='lat' dir='ltr'><strong>imaginibus</strong></span> <span class='ocrx_word' id='word_1_242' title='bbox 999 2981 1055 3052; x_wconf 84' lang='lat' dir='ltr'><strong>uti,</strong></span> 
     </span>
     <span class='ocr_line' id='line_1_32' title="bbox 95 3062 1152 3141; baseline -0.001 -18"><span class='ocrx_word' id='word_1_243' title='bbox 95 3064 183 3124; x_wconf 78' lang='lat' dir='ltr'><strong>lamini</strong></span> <span class='ocrx_word' id='word_1_244' title='bbox 205 3062 322 3141; x_wconf 87' lang='lat' dir='ltr'><strong>obijeiat</strong></span> <span class='ocrx_word' id='word_1_245' title='bbox 340 3062 550 3124; x_wconf 81' lang='lat' dir='ltr'><strong>offendiculum.</strong></span> <span class='ocrx_word' id='word_1_246' title='bbox 594 3063 701 3123; x_wconf 84' lang='lat' dir='ltr'><strong>Paulus</strong></span> <span class='ocrx_word' id='word_1_247' title='bbox 733 3066 808 3125; x_wconf 87' lang='lat' dir='ltr'><strong>euim</strong></span> <span class='ocrx_word' id='word_1_248' title='bbox 836 3074 867 3125; x_wconf 87' lang='lat' dir='ltr'><strong>ot</strong></span> <span class='ocrx_word' id='word_1_249' title='bbox 887 3082 1003 3124; x_wconf 83' lang='lat' dir='ltr'><strong>earnem</strong></span> <span class='ocrx_word' id='word_1_250' title='bbox 1024 3074 1056 3124; x_wconf 85' lang='lat' dir='ltr'><strong>et</strong></span> <span class='ocrx_word' id='word_1_251' title='bbox 1136 3096 1152 3105; x_wconf 84' lang='lat'><strong>··</strong></span> 
     </span>
     <span class='ocr_line' id='line_1_33' title="bbox 95 3144 1056 3226; baseline 0.003 -22"><span class='ocrx_word' id='word_1_252' title='bbox 95 3161 121 3204; x_wconf 84' lang='lat' dir='ltr'><strong>tn</strong></span> <span class='ocrx_word' id='word_1_253' title='bbox 142 3147 199 3207; x_wconf 83' lang='lat' dir='ltr'><strong>ribi</strong></span> <span class='ocrx_word' id='word_1_254' title='bbox 223 3148 251 3206; x_wconf 91' lang='lat' dir='ltr'><strong>in</strong></span> <span class='ocrx_word' id='word_1_255' title='bbox 275 3149 480 3208; x_wconf 82' lang='lat' dir='ltr'><strong>omnemritam</strong></span> <span class='ocrx_word' id='word_1_256' title='bbox 501 3144 633 3207; x_wconf 82' lang='lat' dir='ltr'><strong>interdici</strong></span> <span class='ocrx_word' id='word_1_257' title='bbox 656 3157 771 3226; x_wconf 80' lang='lat' dir='ltr'><strong>paratur</strong></span> <span class='ocrx_word' id='word_1_258' title='bbox 790 3157 864 3221; x_wconf 89' lang='lat' dir='ltr'><strong>erat,</strong></span> <span class='ocrx_word' id='word_1_259' title='bbox 887 3148 913 3207; x_wconf 85' lang='lat' dir='ltr'><strong>ai</strong></span> <span class='ocrx_word' id='word_1_260' title='bbox 933 3145 964 3207; x_wconf 77' lang='lat' dir='ltr'><strong>ld</strong></span> <span class='ocrx_word' id='word_1_261' title='bbox 983 3147 1056 3208; x_wconf 82' lang='lat' dir='ltr'><strong>alio·</strong></span> 
     </span>
     <span class='ocr_line' id='line_1_34' title="bbox 107 3229 773 3313; baseline 0.002 -22"><span class='ocrx_word' id='word_1_262' title='bbox 107 3231 192 3313; x_wconf 79' lang='lat' dir='ltr'><strong>aalnti</strong></span> <span class='ocrx_word' id='word_1_263' title='bbox 211 3232 312 3310; x_wconf 80' lang='lat' dir='ltr'><strong>quovis</strong></span> <span class='ocrx_word' id='word_1_264' title='bbox 335 3229 418 3291; x_wconf 83' lang='lat' dir='ltr'><strong>modo</strong></span> <span class='ocrx_word' id='word_1_265' title='bbox 440 3231 557 3292; x_wconf 86' lang='lat' dir='ltr'><strong>obataro</strong></span> <span class='ocrx_word' id='word_1_266' title='bbox 579 3232 773 3312; x_wconf 67' lang='lat' dir='ltr'><strong>cognovisset.</strong></span> 
     </span>
    </p>
   </div>
   <div class='ocr_carea' id='block_1_3' title="bbox 110 3398 884 3494">
    <p class='ocr_par' dir='ltr' id='par_1_3' title="bbox 110 3398 884 3494">
     <span class='ocr_line' id='line_1_35' title="bbox 110 3398 884 3494; baseline 0.003 -5"><span class='ocrx_word' id='word_1_267' title='bbox 110 3398 113 3403; x_wconf 80' lang='grc'><strong>’</strong></span> <span class='ocrx_word' id='word_1_268' title='bbox 192 3426 249 3490; x_wconf 88' lang='lat' dir='ltr'><strong>nn</strong></span> <span class='ocrx_word' id='word_1_269' title='bbox 269 3427 610 3494; x_wconf 81' lang='lat' dir='ltr'><strong>unnrsrnarmus.</strong></span> <span class='ocrx_word' id='word_1_270' title='bbox 654 3427 746 3493; x_wconf 83' lang='lat' dir='ltr'><strong>car.</strong></span> <span class='ocrx_word' id='word_1_271' title='bbox 769 3427 884 3493; x_wconf 85' lang='lat' dir='ltr'><strong>xxm.</strong></span> 
     </span>
    </p>
   </div>
   <div class='ocr_carea' id='block_1_4' title="bbox 95 3556 1056 4394">
    <p class='ocr_par' dir='ltr' id='par_1_4' title="bbox 95 3556 1056 4394">
     <span class='ocr_line' id='line_1_36' title="bbox 104 3556 1055 3644; baseline 0.004 -24"><span class='ocrx_word' id='word_1_272' title='bbox 104 3556 143 3621; x_wconf 68' lang='lat' dir='ltr'><strong>&#39;ln</strong></span> <span class='ocrx_word' id='word_1_273' title='bbox 163 3562 356 3642; x_wconf 78' lang='lat' dir='ltr'><strong>mperioribus</strong></span> <span class='ocrx_word' id='word_1_274' title='bbox 377 3566 558 3644; x_wconf 74' lang='lat' dir='ltr'><strong>exposuimus</strong></span> <span class='ocrx_word' id='word_1_275' title='bbox 582 3575 695 3625; x_wconf 80' lang='lat' dir='ltr'><strong>nostroe</strong></span> <span class='ocrx_word' id='word_1_276' title='bbox 714 3564 899 3626; x_wconf 83' lang='lat' dir='ltr'><strong>enoleeiaataa</strong></span> <span class='ocrx_word' id='word_1_277' title='bbox 918 3560 1055 3625; x_wconf 76' lang='lat' dir='ltr'><strong>obedien·</strong></span> 
     </span>
     <span class='ocr_line' id='line_1_37' title="bbox 95 3646 1055 3729; baseline 0.002 -25"><span class='ocrx_word' id='word_1_278' title='bbox 95 3664 195 3723; x_wconf 77' lang='lat' dir='ltr'><strong>‚quae</strong></span> <span class='ocrx_word' id='word_1_279' title='bbox 214 3646 363 3707; x_wconf 80' lang='lat' dir='ltr'><strong>exhibetur</strong></span> <span class='ocrx_word' id='word_1_280' title='bbox 380 3650 607 3726; x_wconf 75' lang='lat' dir='ltr'><strong>magistratibus,</strong></span> <span class='ocrx_word' id='word_1_281' title='bbox 634 3649 710 3709; x_wconf 86' lang='lat' dir='ltr'><strong>inter</strong></span> <span class='ocrx_word' id='word_1_282' title='bbox 739 3649 823 3729; x_wconf 72' lang='lat' dir='ltr'><strong>primi</strong></span> <span class='ocrx_word' id='word_1_283' title='bbox 851 3646 960 3707; x_wconf 84' lang='lat' dir='ltr'><strong>ortlinia</strong></span> <span class='ocrx_word' id='word_1_284' title='bbox 980 3647 1055 3708; x_wconf 88' lang='lat' dir='ltr'><strong>bona</strong></span> 
     </span>
     <span class='ocr_line' id='line_1_38' title="bbox 95 3728 1055 3811; baseline 0.003 -25"><span class='ocrx_word' id='word_1_285' title='bbox 95 3742 117 3785; x_wconf 69' lang='grc' dir='ltr'><strong>ιι</strong></span> <span class='ocrx_word' id='word_1_286' title='bbox 136 3729 229 3788; x_wconf 90' lang='lat' dir='ltr'><strong>lorum</strong></span> <span class='ocrx_word' id='word_1_287' title='bbox 249 3729 375 3804; x_wconf 76' lang='lat' dir='ltr'><strong>dedisse,</strong></span> <span class='ocrx_word' id='word_1_288' title='bbox 399 3742 431 3791; x_wconf 91' lang='lat' dir='ltr'><strong>et</strong></span> <span class='ocrx_word' id='word_1_289' title='bbox 451 3730 555 3792; x_wconf 73' lang='lat' dir='ltr'><strong>aloem</strong></span> <span class='ocrx_word' id='word_1_290' title='bbox 579 3732 634 3791; x_wconf 91' lang='lat' dir='ltr'><strong>boe</strong></span> <span class='ocrx_word' id='word_1_291' title='bbox 655 3742 877 3811; x_wconf 80' lang='lat' dir='ltr'><strong>unumquemque</strong></span> <span class='ocrx_word' id='word_1_292' title='bbox 901 3728 1055 3790; x_wconf 72' lang='lat' dir='ltr'><strong>studiosior</strong></span> 
     </span>
     <span class='ocr_line' id='line_1_39' title="bbox 95 3811 1055 3897; baseline -0.001 -26"><span class='ocrx_word' id='word_1_293' title='bbox 95 3811 322 3873; x_wconf 66' lang='lat' dir='ltr'><strong>*accommodare</strong></span> <span class='ocrx_word' id='word_1_294' title='bbox 337 3814 457 3894; x_wconf 85' lang='lat' dir='ltr'><strong>publicis</strong></span> <span class='ocrx_word' id='word_1_295' title='bbox 477 3815 601 3894; x_wconf 80' lang='lat' dir='ltr'><strong>legibue,</strong></span> <span class='ocrx_word' id='word_1_296' title='bbox 623 3835 678 3894; x_wconf 90' lang='lat' dir='ltr'><strong>quo</strong></span> <span class='ocrx_word' id='word_1_297' title='bbox 699 3817 850 3895; x_wconf 78' lang='lat' dir='ltr'><strong>aynoerior</strong></span> <span class='ocrx_word' id='word_1_298' title='bbox 870 3815 957 3874; x_wconf 82' lang='lat' dir='ltr'><strong>fuerit</strong></span> <span class='ocrx_word' id='word_1_299' title='bbox 969 3812 1055 3897; x_wconf 62' lang='lat' dir='ltr'><strong>(ibri-</strong></span> 
     </span>
     <span class='ocr_line' id='line_1_40' title="bbox 95 3895 1056 3976; baseline -0.001 -22"><span class='ocrx_word' id='word_1_300' title='bbox 95 3912 137 3954; x_wconf 86' lang='grc' dir='ltr'><strong>ιιι</strong></span> <span class='ocrx_word' id='word_1_301' title='bbox 157 3895 268 3975; x_wconf 81' lang='lat' dir='ltr'><strong>fideque</strong></span> <span class='ocrx_word' id='word_1_302' title='bbox 289 3896 385 3957; x_wconf 82' lang='lat' dir='ltr'><strong>ditior.</strong></span> <span class='ocrx_word' id='word_1_303' title='bbox 429 3896 646 3969; x_wconf 65' lang='lat' dir='ltr'><strong>laetationem,</strong></span> <span class='ocrx_word' id='word_1_304' title='bbox 669 3898 748 3976; x_wconf 85' lang='lat' dir='ltr'><strong>iungi</strong></span> <span class='ocrx_word' id='word_1_305' title='bbox 770 3898 934 3976; x_wconf 79' lang='lat' dir='ltr'><strong>magistratu</strong></span> <span class='ocrx_word' id='word_1_306' title='bbox 956 3913 1056 3969; x_wconf 82' lang='lat' dir='ltr'><strong>munna</strong></span> 
     </span>
     <span class='ocr_line' id='line_1_41' title="bbox 95 3977 1054 4060; baseline 0.004 -28"><span class='ocrx_word' id='word_1_307' title='bbox 95 3997 99 4032; x_wconf 86' lang='grc' dir='ltr'>ι</span> <span class='ocrx_word' id='word_1_308' title='bbox 118 3977 358 4052; x_wconf 84' lang='lat' dir='ltr'><strong>Saoratiasimum‚</strong></span> <span class='ocrx_word' id='word_1_309' title='bbox 374 3979 448 4059; x_wconf 82' lang='lat' dir='ltr'><strong>quod</strong></span> <span class='ocrx_word' id='word_1_310' title='bbox 471 3979 584 4060; x_wconf 87' lang='lat' dir='ltr'><strong>quidem</strong></span> <span class='ocrx_word' id='word_1_311' title='bbox 607 3983 711 4040; x_wconf 91' lang='lat' dir='ltr'><strong>bomini</strong></span> <span class='ocrx_word' id='word_1_312' title='bbox 727 3980 863 4040; x_wconf 78' lang='lat' dir='ltr'><strong>divinitus</strong></span> <span class='ocrx_word' id='word_1_313' title='bbox 886 3979 1054 4057; x_wconf 73' lang='lat' dir='ltr'><strong>contingere</strong></span> 
     </span>
     <span class='ocr_line' id='line_1_42' title="bbox 95 4061 1053 4144; baseline 0.001 -26"><span class='ocrx_word' id='word_1_314' title='bbox 95 4061 132 4123; x_wconf 75' lang='lat' dir='ltr'><strong>til.</strong></span> <span class='ocrx_word' id='word_1_315' title='bbox 174 4062 257 4124; x_wconf 84' lang='lat' dir='ltr'><strong>Untle</strong></span> <span class='ocrx_word' id='word_1_316' title='bbox 282 4073 311 4124; x_wconf 87' lang='lat' dir='ltr'><strong>et</strong></span> <span class='ocrx_word' id='word_1_317' title='bbox 332 4065 435 4125; x_wconf 86' lang='lat' dir='ltr'><strong>laetum</strong></span> <span class='ocrx_word' id='word_1_318' title='bbox 457 4065 506 4137; x_wconf 82' lang='lat' dir='ltr'><strong>ait,</strong></span> <span class='ocrx_word' id='word_1_319' title='bbox 529 4062 603 4143; x_wconf 84' lang='lat' dir='ltr'><strong>quod</strong></span> <span class='ocrx_word' id='word_1_320' title='bbox 624 4066 671 4143; x_wconf 91' lang='lat' dir='ltr'><strong>qui</strong></span> <span class='ocrx_word' id='word_1_321' title='bbox 691 4074 794 4142; x_wconf 79' lang='lat' dir='ltr'><strong>gerunt</strong></span> <span class='ocrx_word' id='word_1_322' title='bbox 815 4063 954 4144; x_wconf 82' lang='lat' dir='ltr'><strong>publicam</strong></span> <span class='ocrx_word' id='word_1_323' title='bbox 976 4071 1053 4139; x_wconf 82' lang='lat' dir='ltr'><strong>pote-</strong></span> 
     </span>
     <span class='ocr_line' id='line_1_43' title="bbox 95 4144 1055 4227; baseline -0.003 -22"><span class='ocrx_word' id='word_1_324' title='bbox 95 4162 151 4217; x_wconf 85' lang='lat' dir='ltr'><strong>em,</strong></span> <span class='ocrx_word' id='word_1_325' title='bbox 175 4144 226 4225; x_wconf 88' lang='lat' dir='ltr'><strong>Dij</strong></span> <span class='ocrx_word' id='word_1_326' title='bbox 255 4149 283 4207; x_wconf 91' lang='lat' dir='ltr'><strong>in</strong></span> <span class='ocrx_word' id='word_1_327' title='bbox 311 4149 458 4227; x_wconf 73' lang='lat' dir='ltr'><strong>seripturis</strong></span> <span class='ocrx_word' id='word_1_328' title='bbox 484 4160 630 4208; x_wconf 82' lang='lat' dir='ltr'><strong>vorentur.</strong></span> <span class='ocrx_word' id='word_1_329' title='bbox 674 4145 746 4207; x_wconf 84' lang='lat' dir='ltr'><strong>Cum</strong></span> <span class='ocrx_word' id='word_1_330' title='bbox 776 4149 852 4208; x_wconf 91' lang='lat' dir='ltr'><strong>onim</strong></span> <span class='ocrx_word' id='word_1_331' title='bbox 872 4148 901 4205; x_wconf 90' lang='lat' dir='ltr'><strong>bi</strong></span> <span class='ocrx_word' id='word_1_332' title='bbox 923 4156 1002 4205; x_wconf 82' lang='lat' dir='ltr'><strong>recte</strong></span> <span class='ocrx_word' id='word_1_333' title='bbox 1025 4152 1055 4203; x_wconf 84' lang='lat' dir='ltr'><strong>et</strong></span> 
     </span>
     <span class='ocr_line' id='line_1_44' title="bbox 95 4226 1055 4308; baseline -0.002 -20"><span class='ocrx_word' id='word_1_334' title='bbox 95 4249 132 4289; x_wconf 90' lang='lat' dir='ltr'><strong>no</strong></span> <span class='ocrx_word' id='word_1_335' title='bbox 158 4249 258 4291; x_wconf 82' lang='lat' dir='ltr'><strong>munna</strong></span> <span class='ocrx_word' id='word_1_336' title='bbox 282 4248 362 4290; x_wconf 85' lang='lat' dir='ltr'><strong>onum</strong></span> <span class='ocrx_word' id='word_1_337' title='bbox 386 4231 507 4301; x_wconf 87' lang='lat' dir='ltr'><strong>obeunt,</strong></span> <span class='ocrx_word' id='word_1_338' title='bbox 541 4242 570 4291; x_wconf 87' lang='lat' dir='ltr'><strong>et</strong></span> <span class='ocrx_word' id='word_1_339' title='bbox 599 4230 728 4291; x_wconf 80' lang='lat' dir='ltr'><strong>doctrina</strong></span> <span class='ocrx_word' id='word_1_340' title='bbox 754 4241 785 4290; x_wconf 86' lang='lat' dir='ltr'><strong>et</strong></span> <span class='ocrx_word' id='word_1_341' title='bbox 813 4231 869 4289; x_wconf 86' lang='lat' dir='ltr'><strong>rita</strong></span> <span class='ocrx_word' id='word_1_342' title='bbox 894 4230 924 4289; x_wconf 91' lang='lat' dir='ltr'><strong>iu</strong></span> <span class='ocrx_word' id='word_1_343' title='bbox 953 4226 1055 4308; x_wconf 81' lang='lat' dir='ltr'><strong>populo</strong></span> 
     </span>
     <span class='ocr_line' id='line_1_45' title="bbox 105 4310 1053 4394; baseline -0.005 -20"><span class='ocrx_word' id='word_1_344' title='bbox 105 4312 228 4388; x_wconf 73' lang='lat' dir='ltr'><strong>babent,</strong></span> <span class='ocrx_word' id='word_1_345' title='bbox 258 4332 294 4374; x_wconf 88' lang='lat' dir='ltr'><strong>eo</strong></span> <span class='ocrx_word' id='word_1_346' title='bbox 315 4313 391 4394; x_wconf 80' lang='lat' dir='ltr'><strong>qnod</strong></span> <span class='ocrx_word' id='word_1_347' title='bbox 414 4317 456 4376; x_wconf 87' lang='lat' dir='ltr'><strong>sio</strong></span> <span class='ocrx_word' id='word_1_348' title='bbox 478 4313 558 4377; x_wconf 79' lang='lat' dir='ltr'><strong>Deua</strong></span> <span class='ocrx_word' id='word_1_349' title='bbox 581 4334 630 4377; x_wconf 78' lang='lat' dir='ltr'><strong>rer</strong></span> <span class='ocrx_word' id='word_1_350' title='bbox 654 4323 768 4379; x_wconf 72' lang='lat' dir='ltr'><strong>norim</strong></span> <span class='ocrx_word' id='word_1_351' title='bbox 788 4311 931 4377; x_wconf 79' lang='lat' dir='ltr'><strong>moderari</strong></span> <span class='ocrx_word' id='word_1_352' title='bbox 951 4310 1053 4382; x_wconf 78' lang='lat' dir='ltr'><strong>nolent,</strong></span> 
     </span>
    </p>
   </div>
   <div class='ocr_carea' id='block_1_5' title="bbox 0 0 1328 4928">
    <p class='ocr_par' dir='ltr' id='par_1_5' title="bbox 0 0 1328 4928">
     <span class='ocr_line' id='line_1_46' title="bbox 0 0 1328 4928; baseline 0 0"><span class='ocrx_word' id='word_1_353' title='bbox 0 0 1328 4928; x_wconf 95' lang='lat' dir='ltr'><strong> </strong></span> 
     </span>
    </p>
   </div>
  </div>
 </body>
</html>
