2648 4928
372 288 517 359 Articuli
541 288 653 359 nxtt.
678 288 830 361 Edendi
854 290 915 361 VI.
1002 322 1005 333 ·
1126 292 1216 369 595¹

341 465 545 551 mapsam
565 467 599 530 t'n
622 469 765 550 φίιὶιιιιιι
784 475 940 532 sanctem.
961 524 965 531 .

167 580 351 666 Blnsplremin
372 584 400 643 in
421 584 550 662 spiritum
571 594 714 656 sanctum,
735 594 781 645 est
798 603 860 646 cnm
884 586 948 663 qnis
969 585 1119 651 verborum
1140 588 1200 655 ilci

83 668 236 729 nenileste
256 677 417 747 perceptam
439 668 603 742 veritatem,
632 685 671 727 cx
692 667 798 728 malitia
832 676 863 729 et
882 668 1078 731 obfirmatione
1094 675 1197 751 enini,

83 751 222 830 mncicijs
250 751 425 822 insectatur,
457 759 487 809 et
516 748 659 810 hostiliter
686 750 854 831 insequitur.
897 751 993 832 Atque
1022 752 1196 831 lrninsrnodi,

83 836 150 915 qnia
168 832 318 895 maledicto
346 843 412 894 sant
438 832 572 911 obnoxii,
599 833 767 912 gravissimo
789 852 856 895 sese
878 832 1058 914 adstringunt
1077 840 1194 902 sceleri.

83 912 166 978 llnde
191 919 300 998 peccati
328 915 382 978 hoc
408 935 500 996 genus
526 915 730 978 irremissibile
760 936 778 977 ι
805 911 931 977 Domino
957 920 1130 999 appelletur,
1165 935 1195 984 ct

83 1000 247 1063 fimatur.

345 1136 397 1199 dle
412 1135 747 1220 praedestinationem
767 1136 932 1239 steten·

161 1249 393 1315 Praedestinstio
414 1251 450 1312 ad
472 1254 577 1326 vitam,
607 1264 654 1313 est
674 1262 821 1314 aeternnm
840 1250 899 1315 ilci
921 1257 1114 1334 propositam,
1136 1278 1192 1339 qno

83 1346 148 1399 ente
167 1338 244 1397 iactr
266 1337 360 1397 nunti
383 1334 566 1397 fundamenta
585 1355 639 1397 sno
664 1336 803 1409 consilio,
828 1335 911 1398 nobis
932 1335 1045 1418 quidem
1065 1343 1190 1418 occnlto,

83 1428 245 1483 mnsnntm
266 1418 394 1481 decrevit
415 1438 465 1481 cos
486 1438 557 1500 qnos
576 1419 668 1499 elegit
698 1418 896 1481 caloninum
918 1440 1085 1501 perenm
1104 1425 1191 1487 male·

83 1500 157 1565 licto
183 1512 213 1564 ct
232 1504 321 1563 exitio
342 1503 485 1576 liberare,
514 1512 599 1583 atquc
624 1512 656 1562 nt
681 1520 750 1563 vasa
778 1503 807 1563 in
835 1502 973 1566 honorem
993 1505 1105 1580 efficta,
1139 1527 1192 1589 per
1296 1537 1303 1549 ·

83 1582 227 1649 ulmetum
249 1586 284 1646 sd
307 1598 451 1663 aeternnm
475 1585 594 1647 salntem
614 1583 777 1647 adduceres
800 1584 876 1647 nnde
897 1589 945 1668 qni
964 1594 1021 1648 tam
1041 1591 1190 1669 praeclaro

83 1664 135 1733 tsi
151 1668 292 1731 beneficio
313 1681 381 1730 sunt
399 1668 507 1741 donati,
530 1670 571 1729 illi
588 1668 691 1748 spiritu
704 1670 780 1742 eins,
800 1681 958 1751 opportuno
979 1680 1107 1752 tempore
1122 1694 1191 1755 ope·
1215 1733 1217 1737 .

83 1762 173 1827 nate,
195 1753 350 1814 secundnm
373 1754 547 1833 propositum
568 1753 631 1812 eins
651 1761 809 1825 vocantur,
832 1755 973 1815 vocationi
995 1758 1190 1835 pergratiam

83 1846 189 1910 urent,
208 1836 396 1897 iustificantur
415 1837 516 1914 gratis,
535 1833 742 1916 adoptantnrin
757 1836 846 1909 lilios,
864 1836 1004 1917 unigeniti
1023 1837 1088 1900 lesu
1102 1839 1189 1901 Cirri-

83 1923 110 1983 sti
130 1920 248 1999 imagini
270 1921 430 1981 efficiuntur
450 1920 625 1991 conformes,
650 1921 679 1978 in
704 1917 787 1979 bonis
806 1920 942 2000 operibus
972 1932 1072 1982 sancte
1091 1923 1189 1987 amin·

83 2013 153 2151 ppt,
173 2000 333 2091 stelenum
353 2022 389 2063 ex
416 2000 475 2062 Ilei
501 2000 699 2064 misericordia
725 2004 889 2083 pertingunt
921 2001 957 2064 nd
988 2004 1187 2086 sempiternom

126 2087 253 2150 citatem

159 2166 400 2245 Qec-admodum
420 2167 691 2250 praedestinationis
713 2182 745 2230 et
757 2170 907 2231 electionis
928 2181 1043 2232 nostrae
1057 2173 1086 2233 in
1101 2173 1188 2235 Clnri·

83 2264 118 2317 to
139 2254 190 2335 pia
204 2253 406 2324 consideratio,
421 2253 524 2324 dulcis,
541 2255 647 2326 suavis,
669 2263 698 2313 et
717 2253 867 2314 ineffabilis
881 2233 1084 2315 consolationis
1103 2257 1188 2337 plena
1233 2284 1237 2291 ·

83 2348 121 2401 st
142 2355 212 2399 vere
234 2338 291 2418 piis
313 2349 343 2398 et
364 2338 409 2397 lis
430 2337 477 2416 qni
501 2337 625 2396 sentiunt
647 2339 676 2396 in
699 2355 731 2397 se
750 2337 806 2398 vim
827 2337 945 2416 spiritns
965 2335 1086 2411 Christi,
1110 2340 1187 2401 iactr

83 2420 170 2485 mit
195 2432 225 2481 et
251 2421 374 2482 membra
396 2439 468 2500 qnae
496 2418 588 2479 adhuc
618 2430 684 2479 sunt
712 2429 928 2498 superterram
955 2420 1184 2495 mortificantem,

83 2502 466 2649 ffii'lilliiliili
486 2503 922 2664 titttzltttttttstt
940 2503 1105 2667 titis,
1127 2527 1185 2649 li
1265 2528 1268 2533 ’

341 2626 347 2644 Ι
923 2628 934 2658 '
1172 2624 1184 2636 ”

83 2672 136 2732 ilit
158 2680 244 2750 atqne
265 2672 423 2740 confirmat,
448 2680 505 2726 ιιιιιι
529 2668 593 2747 quin
614 2686 738 2727 amorem
767 2679 892 2728 nostrurn
921 2670 949 2729 in
973 2667 1065 2730 Deum
1097 2670 1184 2733 vehe-

83 2764 185 2816 rcnter
211 2753 361 2814 accendit:
391 2753 434 2812 lta
459 2751 619 2811 hominibus
648 2751 787 2822 curiosis,
818 2751 996 2823 carnalibus,
1031 2763 1061 2814 et
1083 2756 1183 2836 spirito

83 2838 183 2901 llrristi
202 2835 361 2910 destitutis,
390 2837 426 2895 ob
443 2836 542 2894 oculos
562 2845 699 2916 perpetuo
713 2836 821 2897 versari
836 2832 1104 2914 praedestinationis
1124 2836 1181 2899 Dei

83 2922 253 2993 ananam,
276 2920 545 3000 perniciosissimum
565 2927 610 2976 est
630 2918 844 2996 praecipitium,
880 2917 954 2978 unde
971 2919 1033 2979 illos
1055 2918 1182 2981 diabolos

83 3003 214 3068 ertrndit
233 3005 279 3064 vel
300 3006 328 3064 in
350 3003 590 3083 desperationem,
615 3002 659 3060 vel
681 3001 709 3058 in
731 3019 821 3081 neque
841 3001 1028 3080 perniciosam
1051 3003 1184 3082 impuris·

83 3089 161 3149 inae
187 3088 262 3149 vitae
294 3089 485 3147 securitatem.
529 3081 644 3144 Deinde
676 3085 741 3144 licet
771 3083 1039 3163 praedestinationis
1066 3082 1183 3148 decreta

83 3180 138 3233 ut
155 3171 239 3231 nolis
254 3172 363 3250 ignota,
388 3170 591 3250 promissiones
613 3177 705 3227 tomen
717 3166 827 3229 divinas
847 3168 889 3226 sic
911 3166 1041 3247 amplecti
1055 3176 1181 3248 opoer,

83 3254 205 3317 scotis
224 3255 253 3314 in
277 3256 366 3314 sacris
391 3255 482 3313 literis
504 3250 678 3331 generaliter
698 3253 860 3330 propositae
888 3262 970 3319 spot:
999 3262 1029 3310 et
1055 3251 1112 3313 liei
1134 3274 1183 3311 vc-

83 3349 163 3401 rntss
190 3340 218 3398 in
242 3341 346 3398 nomris
367 3337 525 3397 actionibus
546 3354 582 3397 en
603 3333 747 3414 sequenda
767 3345 824 3406 cst,
856 3352 937 3413 qna·
960 3338 987 3393 is
1012 3335 1101 3395 serbo
1124 3333 1181 3397 ilci

83 3422 207 3486 stemus
226 3419 332 3483 diserte
356 3421 522 3482 revelatam.
577 3436 582 3443 ·

134 3568 275 3635 Tantum
294 3572 328 3635 in
346 3572 471 3634 monins
492 3569 609 3633 ctum
626 3568 785 3654 sperando
805 3578 851 3631 cet
873 3577 1004 3633 asemon
1025 3569 1124 3630 solus.

150 3688 228 3750 Sunt
250 3699 280 3749 et
300 3688 343 3748 illi
361 3683 616 3749 anathematizandi
638 3687 684 3767 qni
705 3684 803 3745 dicere
820 3682 937 3755 audent,
960 3703 1185 3763 unumquenque

83 3794 93 3837 ι
118 3772 191 3853 lege
212 3784 263 3833 ant
283 3782 361 3833 secta
381 3791 464 3851 qnam
485 3772 636 3850 profitetur
655 3787 720 3828 esse
743 3767 925 3840 servandum,
951 3766 1033 3826 modo
1052 3770 1131 3827 iuxta
1153 3769 1185 3823 il-

83 3878 127 3921 ιιιι
148 3867 182 3918 ct
203 3856 297 3916 lumen
320 3865 438 3915 nntnrae
461 3864 596 3914 accurate
616 3853 737 3913 vixerit:
760 3870 823 3910 cnm
836 3869 937 3911 escrae
955 3851 1057 3911 literne
1078 3860 1184 3909 tantnm

83 3958 136 4005 m
152 3937 265 4001 Clrristi
288 3957 390 3999 nonen
405 3936 584 4017 praedicent,
606 3937 633 3995 in
647 3954 702 4015 qno
715 3934 809 3994 salem
823 3934 885 3994 lieri
899 3932 1027 3993 immines
1043 3942 1181 4011 oporteat.
1296 3945 1302 3958 ·

121 4104 239 4168 Omnes
260 4104 439 4186 obligentur
460 4102 504 4164 nd
522 4101 654 4164 morolio
674 4099 752 4182 legis
767 4107 940 4181 praccepta
960 4097 1123 4160 soconda.

150 4222 217 4285 Lex
239 4242 257 4281 ιι
276 4219 341 4283 Deo
363 4220 429 4281 dats
447 4240 498 4301 per
517 4218 633 4289 Mosen,
659 4214 725 4276 licet
744 4236 800 4296 qno
821 4214 857 4277 nd
879 4215 1074 4277 memnonia·
1097 4224 1127 4273 et
1147 4213 1187 4273 ri-

83 4328 124 4383 ιι,
148 4306 323 4368 christianos
346 4326 402 4366 non
424 4306 575 4383 astringat,
600 4317 691 4379 neque
711 4301 806 4361 cicilia
827 4300 890 4361 eins
911 4309 1063 4379 praecepta
1084 4299 1114 4357 in
1135 4294 1187 4357 nli·

901 4394 977 4462 3θῆ
