<?xml version="1.0" encoding="UTF-8"?>
<!DOCTYPE html PUBLIC "-//W3C//DTD XHTML 1.0 Transitional//EN"
    "http://www.w3.org/TR/xhtml1/DTD/xhtml1-transitional.dtd">
<html xmlns="http://www.w3.org/1999/xhtml" xml:lang="en" lang="en">
 <head>
  <title>
</title>
<meta http-equiv="Content-Type" content="text/html;charset=utf-8" />
  <meta name='ocr-system' content='tesseract 3.04.00' />
  <meta name='ocr-capabilities' content='ocr_page ocr_carea ocr_par ocr_line ocrx_word'/>
</head>
<body>
  <div class='ocr_page' id='page_1' title='image "./collectioconfes00niemgoog/collectioconfes00niemgoog_0663.png"; bbox 0 0 2648 4928; ppageno 0'>
   <div class='ocr_carea' id='block_1_1' title="bbox 249 68 1202 195">
    <p class='ocr_par' dir='ltr' id='par_1_1' title="bbox 249 68 1202 195">
     <span class='ocr_line' id='line_1_1' title="bbox 249 68 1202 195; baseline 0.008 -10"><span class='ocrx_word' id='word_1_1' title='bbox 249 68 256 73; x_wconf 34' lang='lat'>⁸</span> <span class='ocrx_word' id='word_1_2' title='bbox 369 117 513 187; x_wconf 67' lang='lat' dir='ltr'><strong>naemu</strong></span> <span class='ocrx_word' id='word_1_3' title='bbox 538 114 650 185; x_wconf 83' lang='lat' dir='ltr'><strong>xnn.</strong></span> <span class='ocrx_word' id='word_1_4' title='bbox 675 94 908 191; x_wconf 70' lang='lat' dir='ltr'><strong>namu-tir.</strong></span> <span class='ocrx_word' id='word_1_5' title='bbox 1125 118 1202 195; x_wconf 83' lang='lat'><strong>597</strong></span> 
     </span>
    </p>
   </div>
   <div class='ocr_carea' id='block_1_2' title="bbox 147 284 1129 384">
    <p class='ocr_par' dir='ltr' id='par_1_2' title="bbox 147 284 1129 384">
     <span class='ocr_line' id='line_1_2' title="bbox 147 284 1129 384; baseline 0.006 -29"><span class='ocrx_word' id='word_1_6' title='bbox 147 292 318 377; x_wconf 75' lang='lat' dir='ltr'><strong>Agendum</strong></span> <span class='ocrx_word' id='word_1_7' title='bbox 340 302 388 355; x_wconf 87' lang='lat' dir='ltr'><strong>eat</strong></span> <span class='ocrx_word' id='word_1_8' title='bbox 407 293 440 355; x_wconf 84' lang='lat' dir='ltr'><strong>in</strong></span> <span class='ocrx_word' id='word_1_9' title='bbox 461 294 593 355; x_wconf 85' lang='lat' dir='ltr'><strong>eccleaio</strong></span> <span class='ocrx_word' id='word_1_10' title='bbox 616 295 727 377; x_wconf 66' lang='lat' dir='ltr'><strong>degne</strong></span> <span class='ocrx_word' id='word_1_11' title='bbox 745 284 828 380; x_wconf 82' lang='lat' dir='ltr'><strong>qnos</strong></span> <span class='ocrx_word' id='word_1_12' title='bbox 846 301 887 362; x_wconf 83' lang='lat' dir='ltr'><strong>cit</strong></span> <span class='ocrx_word' id='word_1_13' title='bbox 903 302 1022 384; x_wconf 84' lang='lat' dir='ltr'><strong>populo</strong></span> <span class='ocrx_word' id='word_1_14' title='bbox 1043 308 1129 363; x_wconf 83' lang='lat' dir='ltr'><strong>uolo.</strong></span> 
     </span>
    </p>
   </div>
   <div class='ocr_carea' id='block_1_3' title="bbox 62 406 1197 662">
    <p class='ocr_par' dir='ltr' id='par_1_3' title="bbox 62 406 1197 662">
     <span class='ocr_line' id='line_1_3' title="bbox 166 406 1195 498; baseline 0.01 -29"><span class='ocrx_word' id='word_1_15' title='bbox 166 406 406 470; x_wconf 81' lang='lat' dir='ltr'><strong>Deceatissimnm</strong></span> <span class='ocrx_word' id='word_1_16' title='bbox 429 420 474 470; x_wconf 88' lang='lat' dir='ltr'><strong>est</strong></span> <span class='ocrx_word' id='word_1_17' title='bbox 491 421 523 471; x_wconf 89' lang='lat' dir='ltr'><strong>et</strong></span> <span class='ocrx_word' id='word_1_18' title='bbox 538 409 627 473; x_wconf 81' lang='lat' dir='ltr'><strong>verbo</strong></span> <span class='ocrx_word' id='word_1_19' title='bbox 648 409 705 471; x_wconf 82' lang='lat' dir='ltr'><strong>Dei</strong></span> <span class='ocrx_word' id='word_1_20' title='bbox 717 417 838 475; x_wconf 71' lang='lat' dir='ltr'><strong>maxime</strong></span> <span class='ocrx_word' id='word_1_21' title='bbox 858 420 1001 498; x_wconf 77' lang='lat' dir='ltr'><strong>congruit,</strong></span> <span class='ocrx_word' id='word_1_22' title='bbox 1022 428 1052 477; x_wconf 93' lang='lat' dir='ltr'><strong>nt</strong></span> <span class='ocrx_word' id='word_1_23' title='bbox 1074 418 1143 478; x_wconf 82' lang='lat' dir='ltr'><strong>nihil</strong></span> <span class='ocrx_word' id='word_1_24' title='bbox 1158 422 1195 495; x_wconf 85' lang='lat' dir='ltr'><strong>in</strong></span> 
     </span>
     <span class='ocr_line' id='line_1_4' title="bbox 63 493 1197 585; baseline 0.011 -34"><span class='ocrx_word' id='word_1_25' title='bbox 63 494 208 555; x_wconf 75' lang='lat' dir='ltr'><strong>ecclesia</strong></span> <span class='ocrx_word' id='word_1_26' title='bbox 225 493 338 573; x_wconf 88' lang='lat' dir='ltr'><strong>puhlicc</strong></span> <span class='ocrx_word' id='word_1_27' title='bbox 365 494 475 573; x_wconf 78' lang='lat' dir='ltr'><strong>legatur</strong></span> <span class='ocrx_word' id='word_1_28' title='bbox 508 505 556 554; x_wconf 86' lang='lat' dir='ltr'><strong>aut</strong></span> <span class='ocrx_word' id='word_1_29' title='bbox 577 495 715 555; x_wconf 75' lang='lat' dir='ltr'><strong>recitetur</strong></span> <span class='ocrx_word' id='word_1_30' title='bbox 735 498 830 577; x_wconf 83' lang='lat' dir='ltr'><strong>lingna</strong></span> <span class='ocrx_word' id='word_1_31' title='bbox 852 502 954 580; x_wconf 90' lang='lat' dir='ltr'><strong>pepnlo</strong></span> <span class='ocrx_word' id='word_1_32' title='bbox 969 502 1083 580; x_wconf 81' lang='lat' dir='ltr'><strong>ignota:</strong></span> <span class='ocrx_word' id='word_1_33' title='bbox 1108 500 1197 585; x_wconf 81' lang='lat' dir='ltr'><strong>idque</strong></span> 
     </span>
     <span class='ocr_line' id='line_1_5' title="bbox 62 572 1178 662; baseline 0.009 -24"><span class='ocrx_word' id='word_1_34' title='bbox 62 572 188 639; x_wconf 80' lang='lat' dir='ltr'><strong>Paulas</strong></span> <span class='ocrx_word' id='word_1_35' title='bbox 209 578 272 638; x_wconf 88' lang='lat' dir='ltr'><strong>lieri</strong></span> <span class='ocrx_word' id='word_1_36' title='bbox 293 580 394 651; x_wconf 88' lang='lat' dir='ltr'><strong>retuit,</strong></span> <span class='ocrx_word' id='word_1_37' title='bbox 416 578 472 639; x_wconf 92' lang='lat' dir='ltr'><strong>nisi</strong></span> <span class='ocrx_word' id='word_1_38' title='bbox 493 577 611 639; x_wconf 82' lang='lat' dir='ltr'><strong>adesset</strong></span> <span class='ocrx_word' id='word_1_39' title='bbox 631 580 678 659; x_wconf 83' lang='lat' dir='ltr'><strong>qui</strong></span> <span class='ocrx_word' id='word_1_40' title='bbox 698 581 945 662; x_wconf 66' lang='lat' dir='ltr'><strong>interpretaretur.</strong></span> <span class='ocrx_word' id='word_1_41' title='bbox 1164 590 1178 599; x_wconf 89' lang='lat'><strong>&#39;&#39;</strong></span> 
     </span>
    </p>
   </div>
   <div class='ocr_carea' id='block_1_4' title="bbox 488 725 787 794">
    <p class='ocr_par' dir='ltr' id='par_1_4' title="bbox 488 725 787 794">
     <span class='ocr_line' id='line_1_6' title="bbox 488 725 787 794; baseline 0.013 -6"><span class='ocrx_word' id='word_1_42' title='bbox 488 725 538 789; x_wconf 85' lang='lat' dir='ltr'><strong>De</strong></span> <span class='ocrx_word' id='word_1_43' title='bbox 560 726 787 794; x_wconf 68' lang='lat' dir='ltr'><strong>ommate.</strong></span> 
     </span>
    </p>
   </div>
   <div class='ocr_carea' id='block_1_5' title="bbox 10 841 1285 2081">
    <p class='ocr_par' dir='ltr' id='par_1_5' title="bbox 10 841 1285 2081">
     <span class='ocr_line' id='line_1_7' title="bbox 163 841 1191 929; baseline 0.006 -26"><span class='ocrx_word' id='word_1_44' title='bbox 163 841 304 904; x_wconf 82' lang='lat' dir='ltr'><strong>llominus</strong></span> <span class='ocrx_word' id='word_1_45' title='bbox 322 852 420 905; x_wconf 89' lang='lat' dir='ltr'><strong>noster</strong></span> <span class='ocrx_word' id='word_1_46' title='bbox 440 844 521 905; x_wconf 90' lang='lat' dir='ltr'><strong>lesus</strong></span> <span class='ocrx_word' id='word_1_47' title='bbox 543 843 677 905; x_wconf 88' lang='lat' dir='ltr'><strong>Christus</strong></span> <span class='ocrx_word' id='word_1_48' title='bbox 698 849 884 909; x_wconf 73' lang='lat' dir='ltr'><strong>sacramentis</strong></span> <span class='ocrx_word' id='word_1_49' title='bbox 909 866 1027 907; x_wconf 90' lang='lat' dir='ltr'><strong>numero</strong></span> <span class='ocrx_word' id='word_1_50' title='bbox 1053 847 1191 929; x_wconf 80' lang='lat' dir='ltr'><strong>pancissi-</strong></span> 
     </span>
     <span class='ocr_line' id='line_1_8' title="bbox 62 920 1192 1011; baseline 0.002 -20"><span class='ocrx_word' id='word_1_51' title='bbox 62 928 146 1004; x_wconf 71' lang='lat' dir='ltr'><strong>uis,</strong></span> <span class='ocrx_word' id='word_1_52' title='bbox 169 928 322 1009; x_wconf 71' lang='lat' dir='ltr'><strong>observatu</strong></span> <span class='ocrx_word' id='word_1_53' title='bbox 336 928 492 1004; x_wconf 73' lang='lat' dir='ltr'><strong>facillimis,</strong></span> <span class='ocrx_word' id='word_1_54' title='bbox 512 930 718 1009; x_wconf 79' lang='lat' dir='ltr'><strong>significatione</strong></span> <span class='ocrx_word' id='word_1_55' title='bbox 736 920 1002 1011; x_wconf 61' lang='lat' dir='ltr'><strong>praestantissimis,</strong></span> <span class='ocrx_word' id='word_1_56' title='bbox 1025 932 1192 995; x_wconf 87' lang='lat' dir='ltr'><strong>societatem</strong></span> 
     </span>
     <span class='ocr_line' id='line_1_9' title="bbox 10 1004 1193 1095; baseline 0 -22"><span class='ocrx_word' id='word_1_57' title='bbox 10 1012 39 1047; x_wconf 75' lang='lat'><strong><em>⁴</em></strong></span> <span class='ocrx_word' id='word_1_58' title='bbox 61 1014 145 1077; x_wconf 74' lang='lat' dir='ltr'><strong>nori</strong></span> <span class='ocrx_word' id='word_1_59' title='bbox 169 1012 265 1093; x_wconf 90' lang='lat' dir='ltr'><strong>populi</strong></span> <span class='ocrx_word' id='word_1_60' title='bbox 287 1011 441 1091; x_wconf 83' lang='lat' dir='ltr'><strong>colligavit,</strong></span> <span class='ocrx_word' id='word_1_61' title='bbox 465 1014 549 1072; x_wconf 91' lang='lat' dir='ltr'><strong>sicuti</strong></span> <span class='ocrx_word' id='word_1_62' title='bbox 571 1023 615 1073; x_wconf 89' lang='lat' dir='ltr'><strong>est</strong></span> <span class='ocrx_word' id='word_1_63' title='bbox 636 1012 799 1095; x_wconf 81' lang='lat' dir='ltr'><strong>Baptismus</strong></span> <span class='ocrx_word' id='word_1_64' title='bbox 819 1022 849 1073; x_wconf 91' lang='lat' dir='ltr'><strong>ct</strong></span> <span class='ocrx_word' id='word_1_65' title='bbox 869 1014 968 1075; x_wconf 86' lang='lat' dir='ltr'><strong>Co&#39;enn</strong></span> <span class='ocrx_word' id='word_1_66' title='bbox 989 1014 1116 1076; x_wconf 86' lang='lat' dir='ltr'><strong>Domini.</strong></span> <span class='ocrx_word' id='word_1_67' title='bbox 1156 1030 1161 1039; x_wconf 90' lang='grc'><strong><em>·</em></strong></span> <span class='ocrx_word' id='word_1_68' title='bbox 1189 1004 1193 1015; x_wconf 73' lang='grc'><strong>“</strong></span> 
     </span>
     <span class='ocr_line' id='line_1_10' title="bbox 162 1096 1214 1178; baseline 0 -19"><span class='ocrx_word' id='word_1_69' title='bbox 162 1096 349 1159; x_wconf 76' lang='lat' dir='ltr'><strong>Sacramenta</strong></span> <span class='ocrx_word' id='word_1_70' title='bbox 370 1115 425 1155; x_wconf 93' lang='lat' dir='ltr'><strong>non</strong></span> <span class='ocrx_word' id='word_1_71' title='bbox 447 1097 574 1155; x_wconf 87' lang='lat' dir='ltr'><strong>instituta</strong></span> <span class='ocrx_word' id='word_1_72' title='bbox 602 1108 668 1157; x_wconf 90' lang='lat' dir='ltr'><strong>sunt</strong></span> <span class='ocrx_word' id='word_1_73' title='bbox 693 1118 711 1158; x_wconf 89' lang='lat' dir='ltr'><strong>a</strong></span> <span class='ocrx_word' id='word_1_74' title='bbox 732 1096 849 1157; x_wconf 88' lang='lat' dir='ltr'><strong>Christo</strong></span> <span class='ocrx_word' id='word_1_75' title='bbox 874 1108 905 1157; x_wconf 91' lang='lat' dir='ltr'><strong>ut</strong></span> <span class='ocrx_word' id='word_1_76' title='bbox 926 1108 1124 1178; x_wconf 87' lang='lat' dir='ltr'><strong>spectarentur</strong></span> <span class='ocrx_word' id='word_1_77' title='bbox 1143 1106 1214 1161; x_wconf 89' lang='lat' dir='ltr'><strong>nnt&#39;</strong></span> 
     </span>
     <span class='ocr_line' id='line_1_11' title="bbox 59 1177 1190 1263; baseline -0.002 -18"><span class='ocrx_word' id='word_1_78' title='bbox 59 1180 344 1255; x_wconf 70' lang='lat' dir='ltr'><strong>circumferrentur,</strong></span> <span class='ocrx_word' id='word_1_79' title='bbox 365 1177 418 1239; x_wconf 83' lang='lat' dir='ltr'><strong>scd</strong></span> <span class='ocrx_word' id='word_1_80' title='bbox 439 1189 470 1238; x_wconf 87' lang='lat' dir='ltr'><strong>nt</strong></span> <span class='ocrx_word' id='word_1_81' title='bbox 488 1181 542 1240; x_wconf 88' lang='lat' dir='ltr'><strong>rite</strong></span> <span class='ocrx_word' id='word_1_82' title='bbox 558 1180 615 1239; x_wconf 90' lang='lat' dir='ltr'><strong>illia</strong></span> <span class='ocrx_word' id='word_1_83' title='bbox 635 1191 797 1243; x_wconf 87' lang='lat' dir='ltr'><strong>uteremur:</strong></span> <span class='ocrx_word' id='word_1_84' title='bbox 819 1191 848 1242; x_wconf 90' lang='lat' dir='ltr'><strong>et</strong></span> <span class='ocrx_word' id='word_1_85' title='bbox 868 1184 897 1241; x_wconf 91' lang='lat' dir='ltr'><strong>in</strong></span> <span class='ocrx_word' id='word_1_86' title='bbox 913 1180 958 1241; x_wconf 82' lang='lat' dir='ltr'><strong>lais</strong></span> <span class='ocrx_word' id='word_1_87' title='bbox 979 1180 1114 1243; x_wconf 77' lang='lat' dir='ltr'><strong>duntaxat</strong></span> <span class='ocrx_word' id='word_1_88' title='bbox 1142 1186 1190 1263; x_wconf 80' lang='lat' dir='ltr'><strong>qui</strong></span> 
     </span>
     <span class='ocr_line' id='line_1_12' title="bbox 57 1262 1285 1347; baseline 0.009 -25"><span class='ocrx_word' id='word_1_89' title='bbox 57 1262 166 1347; x_wconf 60' lang='lat' dir='ltr'><strong>igne</strong></span> <span class='ocrx_word' id='word_1_90' title='bbox 185 1263 369 1345; x_wconf 86' lang='lat' dir='ltr'><strong>percipiunt,</strong></span> <span class='ocrx_word' id='word_1_91' title='bbox 390 1262 540 1333; x_wconf 84' lang='lat' dir='ltr'><strong>salutarem</strong></span> <span class='ocrx_word' id='word_1_92' title='bbox 562 1263 667 1324; x_wconf 85' lang='lat' dir='ltr'><strong>hahent</strong></span> <span class='ocrx_word' id='word_1_93' title='bbox 687 1264 837 1337; x_wconf 86' lang='lat' dir='ltr'><strong>ellectum,</strong></span> <span class='ocrx_word' id='word_1_94' title='bbox 860 1264 944 1345; x_wconf 75' lang='lat' dir='ltr'><strong>idque</strong></span> <span class='ocrx_word' id='word_1_95' title='bbox 965 1286 1021 1325; x_wconf 92' lang='lat' dir='ltr'><strong>non</strong></span> <span class='ocrx_word' id='word_1_96' title='bbox 1044 1282 1080 1325; x_wconf 85' lang='lat' dir='ltr'><strong>ea</strong></span> <span class='ocrx_word' id='word_1_97' title='bbox 1102 1286 1191 1345; x_wconf 89' lang='lat' dir='ltr'><strong>opere</strong></span> <span class='ocrx_word' id='word_1_98' title='bbox 1281 1324 1285 1333; x_wconf 92' lang='lat'>.</span> 
     </span>
     <span class='ocr_line' id='line_1_13' title="bbox 56 1344 1190 1497; baseline 0.002 -90"><span class='ocrx_word' id='word_1_99' title='bbox 56 1344 257 1497; x_wconf 60' lang='lat' dir='ltr'><strong>gpqnidem</strong></span> <span class='ocrx_word' id='word_1_100' title='bbox 279 1347 442 1426; x_wconf 87' lang='lat' dir='ltr'><strong>loquuntur)</strong></span> <span class='ocrx_word' id='word_1_101' title='bbox 463 1356 599 1428; x_wconf 88' lang='lat' dir='ltr'><strong>operato,</strong></span> <span class='ocrx_word' id='word_1_102' title='bbox 632 1366 705 1427; x_wconf 86' lang='lat' dir='ltr'><strong>qnae</strong></span> <span class='ocrx_word' id='word_1_103' title='bbox 725 1367 781 1411; x_wconf 80' lang='lat' dir='ltr'><strong>ron</strong></span> <span class='ocrx_word' id='word_1_104' title='bbox 802 1358 832 1409; x_wconf 93' lang='lat' dir='ltr'><strong>nt</strong></span> <span class='ocrx_word' id='word_1_105' title='bbox 852 1350 1004 1429; x_wconf 75' lang='lat' dir='ltr'><strong>peregrino</strong></span> <span class='ocrx_word' id='word_1_106' title='bbox 1026 1359 1073 1408; x_wconf 85' lang='lat' dir='ltr'><strong>ent</strong></span> <span class='ocrx_word' id='word_1_107' title='bbox 1093 1360 1124 1409; x_wconf 90' lang='lat' dir='ltr'><strong>et</strong></span> <span class='ocrx_word' id='word_1_108' title='bbox 1144 1368 1190 1409; x_wconf 82' lang='lat' dir='ltr'><strong>aa·</strong></span> 
     </span>
     <span class='ocr_line' id='line_1_14' title="bbox 10 1426 1189 1511; baseline -0.001 -18"><span class='ocrx_word' id='word_1_109' title='bbox 10 1436 14 1445; x_wconf 90' lang='grc'><strong>“</strong></span> <span class='ocrx_word' id='word_1_110' title='bbox 118 1451 136 1493; x_wconf 86' lang='lat' dir='ltr'><strong>a</strong></span> <span class='ocrx_word' id='word_1_111' title='bbox 161 1426 254 1493; x_wconf 83' lang='lat' dir='ltr'><strong>litciis</strong></span> <span class='ocrx_word' id='word_1_112' title='bbox 274 1430 385 1509; x_wconf 74' lang='lat' dir='ltr'><strong>i‘gnotn,</strong></span> <span class='ocrx_word' id='word_1_113' title='bbox 408 1431 451 1490; x_wconf 87' lang='lat' dir='ltr'><strong>sic</strong></span> <span class='ocrx_word' id='word_1_114' title='bbox 476 1432 551 1510; x_wconf 83' lang='lat' dir='ltr'><strong>parit</strong></span> <span class='ocrx_word' id='word_1_115' title='bbox 577 1449 691 1490; x_wconf 88' lang='lat' dir='ltr'><strong>sensnm</strong></span> <span class='ocrx_word' id='word_1_116' title='bbox 718 1432 832 1492; x_wconf 89' lang='lat' dir='ltr'><strong>minime</strong></span> <span class='ocrx_word' id='word_1_117' title='bbox 858 1434 947 1511; x_wconf 87' lang='lat' dir='ltr'><strong>pium,</strong></span> <span class='ocrx_word' id='word_1_118' title='bbox 969 1428 1020 1493; x_wconf 88' lang='lat' dir='ltr'><strong>sed</strong></span> <span class='ocrx_word' id='word_1_119' title='bbox 1042 1429 1189 1492; x_wconf 89' lang='lat' dir='ltr'><strong>admodum</strong></span> 
     </span>
     <span class='ocr_line' id='line_1_15' title="bbox 56 1512 1190 1599; baseline 0 -22"><span class='ocrx_word' id='word_1_120' title='bbox 56 1514 326 1599; x_wconf 71' lang='lat' dir='ltr'><strong>superstitiosum:</strong></span> <span class='ocrx_word' id='word_1_121' title='bbox 350 1514 396 1593; x_wconf 88' lang='lat' dir='ltr'><strong>qni</strong></span> <span class='ocrx_word' id='word_1_122' title='bbox 420 1533 489 1574; x_wconf 84' lang='lat' dir='ltr'><strong>vero</strong></span> <span class='ocrx_word' id='word_1_123' title='bbox 509 1512 625 1595; x_wconf 76' lang='lat' dir='ltr'><strong>indigne</strong></span> <span class='ocrx_word' id='word_1_124' title='bbox 643 1516 817 1595; x_wconf 89' lang='lat' dir='ltr'><strong>percipiunt,</strong></span> <span class='ocrx_word' id='word_1_125' title='bbox 846 1513 1053 1576; x_wconf 74' lang='lat' dir='ltr'><strong>damnationem</strong></span> <span class='ocrx_word' id='word_1_126' title='bbox 1075 1513 1122 1599; x_wconf 87' lang='lat' dir='ltr'><strong>(ut</strong></span> <span class='ocrx_word' id='word_1_127' title='bbox 1146 1516 1190 1577; x_wconf 86' lang='lat' dir='ltr'><strong>iu-</strong></span> 
     </span>
     <span class='ocr_line' id='line_1_16' title="bbox 55 1596 609 1683; baseline 0 -24"><span class='ocrx_word' id='word_1_128' title='bbox 55 1600 136 1683; x_wconf 75' lang='lat' dir='ltr'><strong>qnia</strong></span> <span class='ocrx_word' id='word_1_129' title='bbox 157 1596 281 1678; x_wconf 82' lang='lat' dir='ltr'><strong>Paulus)</strong></span> <span class='ocrx_word' id='word_1_130' title='bbox 302 1596 429 1676; x_wconf 86' lang='lat' dir='ltr'><strong>sihijpsis</strong></span> <span class='ocrx_word' id='word_1_131' title='bbox 449 1599 609 1677; x_wconf 85' lang='lat' dir='ltr'><strong>acquirunt.</strong></span> 
     </span>
     <span class='ocr_line' id='line_1_17' title="bbox 157 1679 1190 1759; baseline -0.001 -15"><span class='ocrx_word' id='word_1_132' title='bbox 157 1682 345 1744; x_wconf 78' lang='lat' dir='ltr'><strong>Sacrancuta</strong></span> <span class='ocrx_word' id='word_1_133' title='bbox 366 1681 553 1759; x_wconf 80' lang='lat' dir='ltr'><strong>perverbum</strong></span> <span class='ocrx_word' id='word_1_134' title='bbox 573 1679 631 1741; x_wconf 83' lang='lat' dir='ltr'><strong>Ilei</strong></span> <span class='ocrx_word' id='word_1_135' title='bbox 651 1681 792 1757; x_wconf 88' lang='lat' dir='ltr'><strong>instituta,</strong></span> <span class='ocrx_word' id='word_1_136' title='bbox 814 1700 870 1741; x_wconf 92' lang='lat' dir='ltr'><strong>non</strong></span> <span class='ocrx_word' id='word_1_137' title='bbox 892 1690 997 1743; x_wconf 88' lang='lat' dir='ltr'><strong>tantum</strong></span> <span class='ocrx_word' id='word_1_138' title='bbox 1019 1692 1085 1741; x_wconf 90' lang='lat' dir='ltr'><strong>sunt</strong></span> <span class='ocrx_word' id='word_1_139' title='bbox 1104 1694 1190 1745; x_wconf 72' lang='lat' dir='ltr'><strong>nome</strong></span> 
     </span>
     <span class='ocr_line' id='line_1_18' title="bbox 10 1762 1190 1911; baseline 0.002 -88"><span class='ocrx_word' id='word_1_140' title='bbox 10 1786 12 1791; x_wconf 95' lang='lat'>·</span> <span class='ocrx_word' id='word_1_141' title='bbox 55 1764 268 1911; x_wconf 53' lang='lat' dir='ltr'><strong>pggcp&#39;popps</strong></span> <span class='ocrx_word' id='word_1_142' title='bbox 291 1762 523 1906; x_wconf 55' lang='lat' dir='ltr'><strong>:drippiptnprnmt</strong></span> <span class='ocrx_word' id='word_1_143' title='bbox 544 1763 698 1907; x_wconf 60' lang='lat' dir='ltr'><strong>scdhperta</strong></span> <span class='ocrx_word' id='word_1_144' title='bbox 716 1763 853 1865; x_wconf 77' lang='lat' dir='ltr'><strong>praedam</strong></span> <span class='ocrx_word' id='word_1_145' title='bbox 873 1764 1139 1909; x_wconf 52' lang='lat' dir='ltr'><strong>Pp⁰u⁸1¹⁵13⁰⁵¹ffil⁰h</strong></span> <span class='ocrx_word' id='word_1_146' title='bbox 1159 1777 1190 1827; x_wconf 87' lang='lat' dir='ltr'><strong>et</strong></span> 
     </span>
     <span class='ocr_line' id='line_1_19' title="bbox 57 1866 1190 2017; baseline -0.002 -22"><span class='ocrx_word' id='word_1_147' title='bbox 57 1870 153 2017; x_wconf 62' lang='lat' dir='ltr'><strong>:puae</strong></span> <span class='ocrx_word' id='word_1_148' title='bbox 170 1867 352 1992; x_wconf 64' lang='lat' dir='ltr'><strong>iarisilnllitcl3</strong></span> <span class='ocrx_word' id='word_1_149' title='bbox 372 1868 434 2010; x_wconf 48' lang='lat' dir='ltr'><strong>ipsae</strong></span> <span class='ocrx_word' id='word_1_150' title='bbox 451 1890 481 1990; x_wconf 79' lang='lat' dir='ltr'><strong>ln</strong></span> <span class='ocrx_word' id='word_1_151' title='bbox 493 1866 584 1991; x_wconf 55' lang='lat' dir='ltr'><strong>andllies</strong></span> <span class='ocrx_word' id='word_1_152' title='bbox 608 1868 759 2010; x_wconf 55' lang='lat' dir='ltr'><strong>opldrlttdl,</strong></span> <span class='ocrx_word' id='word_1_153' title='bbox 771 1868 1087 2013; x_wconf 56' lang='lat' dir='ltr'><strong>nddstldnldnhlshderd</strong></span> <span class='ocrx_word' id='word_1_154' title='bbox 1094 1870 1190 1993; x_wconf 58' lang='lat' dir='ltr'><strong>&#39;inpld</strong></span> 
     </span>
     <span class='ocr_line' id='line_1_20' title="bbox 57 2014 774 2081; baseline -0.007 0"><span class='ocrx_word' id='word_1_155' title='bbox 57 2036 132 2081; x_wconf 76' lang='lat' dir='ltr'><strong>nora</strong></span> <span class='ocrx_word' id='word_1_156' title='bbox 157 2014 250 2077; x_wconf 79' lang='lat' dir='ltr'><strong>solnm</strong></span> <span class='ocrx_word' id='word_1_157' title='bbox 270 2014 376 2075; x_wconf 86' lang='lat' dir='ltr'><strong>excitat</strong></span> <span class='ocrx_word' id='word_1_158' title='bbox 391 2033 490 2074; x_wconf 83' lang='lat' dir='ltr'><strong>rernm</strong></span> <span class='ocrx_word' id='word_1_159' title='bbox 510 2014 596 2075; x_wconf 87' lang='lat' dir='ltr'><strong>ctiam</strong></span> <span class='ocrx_word' id='word_1_160' title='bbox 616 2016 774 2077; x_wconf 80' lang='lat' dir='ltr'><strong>confirmat.</strong></span> 
     </span>
    </p>
   </div>
   <div class='ocr_carea' id='block_1_6' title="bbox 57 2163 1188 3365">
    <p class='ocr_par' dir='ltr' id='par_1_6' title="bbox 83 2163 1113 2327">
     <span class='ocr_line' id='line_1_21' title="bbox 83 2163 1113 2245; baseline -0.003 -16"><span class='ocrx_word' id='word_1_161' title='bbox 83 2186 89 2195; x_wconf 93' lang='lat'>·</span> <span class='ocrx_word' id='word_1_162' title='bbox 134 2164 353 2229; x_wconf 66' lang='lat' dir='ltr'><strong>mmmm</strong></span> <span class='ocrx_word' id='word_1_163' title='bbox 371 2165 494 2228; x_wconf 78' lang='lat' dir='ltr'><strong>molatio</strong></span> <span class='ocrx_word' id='word_1_164' title='bbox 511 2182 574 2226; x_wconf 86' lang='grc' dir='ltr'>ιιιιιι</span> <span class='ocrx_word' id='word_1_165' title='bbox 593 2163 675 2226; x_wconf 81' lang='lat' dir='ltr'><strong>tellit</strong></span> <span class='ocrx_word' id='word_1_166' title='bbox 694 2164 864 2245; x_wconf 73' lang='lat' dir='ltr'><strong>efficatiam</strong></span> <span class='ocrx_word' id='word_1_167' title='bbox 884 2164 1113 2228; x_wconf 68' lang='lat' dir='ltr'><strong>institutionum</strong></span> 
     </span>
     <span class='ocr_line' id='line_1_22' title="bbox 268 2248 722 2327; baseline -0.009 -16"><span class='ocrx_word' id='word_1_168' title='bbox 268 2320 271 2327; x_wconf 30' lang='lat'><em>¹</em></span> <span class='ocrx_word' id='word_1_169' title='bbox 533 2248 722 2311; x_wconf 70' lang='lat' dir='ltr'><strong>divmarum.</strong></span> 
     </span>
    </p>

    <p class='ocr_par' dir='ltr' id='par_1_7' title="bbox 57 2362 1188 3112">
     <span class='ocr_line' id='line_1_23' title="bbox 157 2362 1187 2444; baseline -0.007 -15"><span class='ocrx_word' id='word_1_170' title='bbox 157 2364 299 2443; x_wconf 75' lang='lat' dir='ltr'><strong>Quamvis</strong></span> <span class='ocrx_word' id='word_1_171' title='bbox 318 2367 347 2425; x_wconf 91' lang='lat' dir='ltr'><strong>in</strong></span> <span class='ocrx_word' id='word_1_172' title='bbox 369 2366 493 2426; x_wconf 85' lang='lat' dir='ltr'><strong>ccclesia</strong></span> <span class='ocrx_word' id='word_1_173' title='bbox 513 2365 630 2441; x_wconf 83' lang='lat' dir='ltr'><strong>visibili,</strong></span> <span class='ocrx_word' id='word_1_174' title='bbox 652 2365 734 2426; x_wconf 85' lang='lat' dir='ltr'><strong>honis</strong></span> <span class='ocrx_word' id='word_1_175' title='bbox 758 2366 824 2425; x_wconf 88' lang='lat' dir='ltr'><strong>mali</strong></span> <span class='ocrx_word' id='word_1_176' title='bbox 845 2366 902 2426; x_wconf 88' lang='lat' dir='ltr'><strong>sint</strong></span> <span class='ocrx_word' id='word_1_177' title='bbox 925 2382 1041 2444; x_wconf 85' lang='lat' dir='ltr'><strong>semper</strong></span> <span class='ocrx_word' id='word_1_178' title='bbox 1059 2362 1187 2435; x_wconf 79' lang='lat' dir='ltr'><strong>admisti,</strong></span> 
     </span>
     <span class='ocr_line' id='line_1_24' title="bbox 58 2448 1187 2533; baseline -0.007 -18"><span class='ocrx_word' id='word_1_179' title='bbox 58 2462 162 2533; x_wconf 74' lang='lat' dir='ltr'><strong>atque</strong></span> <span class='ocrx_word' id='word_1_180' title='bbox 182 2448 325 2512; x_wconf 87' lang='lat' dir='ltr'><strong>iaterdnm</strong></span> <span class='ocrx_word' id='word_1_181' title='bbox 348 2450 505 2509; x_wconf 87' lang='lat' dir='ltr'><strong>ministerio</strong></span> <span class='ocrx_word' id='word_1_182' title='bbox 525 2449 606 2509; x_wconf 82' lang='lat' dir='ltr'><strong>verbi</strong></span> <span class='ocrx_word' id='word_1_183' title='bbox 633 2459 663 2508; x_wconf 93' lang='lat' dir='ltr'><strong>et</strong></span> <span class='ocrx_word' id='word_1_184' title='bbox 689 2458 927 2509; x_wconf 84' lang='lat' dir='ltr'><strong>sacramentorum</strong></span> <span class='ocrx_word' id='word_1_185' title='bbox 951 2448 1187 2507; x_wconf 89' lang='lat' dir='ltr'><strong>administrationi</strong></span> 
     </span>
     <span class='ocr_line' id='line_1_25' title="bbox 59 2530 1188 2619; baseline -0.005 -22"><span class='ocrx_word' id='word_1_186' title='bbox 59 2534 224 2619; x_wconf 77' lang='lat' dir='ltr'><strong>praendat,</strong></span> <span class='ocrx_word' id='word_1_187' title='bbox 244 2544 337 2594; x_wconf 89' lang='lat' dir='ltr'><strong>tamen</strong></span> <span class='ocrx_word' id='word_1_188' title='bbox 360 2553 421 2591; x_wconf 88' lang='lat' dir='ltr'><strong>cnm</strong></span> <span class='ocrx_word' id='word_1_189' title='bbox 443 2553 499 2593; x_wconf 91' lang='lat' dir='ltr'><strong>non</strong></span> <span class='ocrx_word' id='word_1_190' title='bbox 527 2553 578 2592; x_wconf 88' lang='lat' dir='ltr'><strong>sno</strong></span> <span class='ocrx_word' id='word_1_191' title='bbox 604 2530 656 2592; x_wconf 87' lang='lat' dir='ltr'><strong>sed</strong></span> <span class='ocrx_word' id='word_1_192' title='bbox 677 2530 785 2595; x_wconf 85' lang='lat' dir='ltr'><strong>Christi</strong></span> <span class='ocrx_word' id='word_1_193' title='bbox 808 2534 921 2592; x_wconf 87' lang='lat' dir='ltr'><strong>nemine</strong></span> <span class='ocrx_word' id='word_1_194' title='bbox 941 2543 1046 2610; x_wconf 74' lang='lat' dir='ltr'><strong>agant,</strong></span> <span class='ocrx_word' id='word_1_195' title='bbox 1067 2531 1188 2611; x_wconf 85' lang='lat' dir='ltr'><strong>eiusque</strong></span> 
     </span>
     <span class='ocr_line' id='line_1_26' title="bbox 62 2614 1185 2689; baseline -0.008 -8"><span class='ocrx_word' id='word_1_196' title='bbox 62 2616 210 2681; x_wconf 70' lang='lat' dir='ltr'><strong>mandare</strong></span> <span class='ocrx_word' id='word_1_197' title='bbox 236 2628 265 2678; x_wconf 86' lang='lat' dir='ltr'><strong>ct</strong></span> <span class='ocrx_word' id='word_1_198' title='bbox 293 2618 464 2676; x_wconf 84' lang='lat' dir='ltr'><strong>authoritate</strong></span> <span class='ocrx_word' id='word_1_199' title='bbox 500 2618 680 2689; x_wconf 84' lang='lat' dir='ltr'><strong>ministrent,</strong></span> <span class='ocrx_word' id='word_1_200' title='bbox 710 2616 820 2676; x_wconf 90' lang='lat' dir='ltr'><strong>illorum</strong></span> <span class='ocrx_word' id='word_1_201' title='bbox 855 2618 1013 2676; x_wconf 85' lang='lat' dir='ltr'><strong>ministerio</strong></span> <span class='ocrx_word' id='word_1_202' title='bbox 1041 2615 1081 2673; x_wconf 91' lang='lat' dir='ltr'><strong>nti</strong></span> <span class='ocrx_word' id='word_1_203' title='bbox 1106 2614 1185 2687; x_wconf 87' lang='lat' dir='ltr'><strong>licet,</strong></span> 
     </span>
     <span class='ocr_line' id='line_1_27' title="bbox 59 2695 1184 2778; baseline -0.01 -13"><span class='ocrx_word' id='word_1_204' title='bbox 59 2722 139 2765; x_wconf 75' lang='lat' dir='ltr'><strong>cau</strong></span> <span class='ocrx_word' id='word_1_205' title='bbox 170 2702 204 2760; x_wconf 90' lang='lat' dir='ltr'><strong>in</strong></span> <span class='ocrx_word' id='word_1_206' title='bbox 224 2700 314 2761; x_wconf 79' lang='lat' dir='ltr'><strong>rerlno</strong></span> <span class='ocrx_word' id='word_1_207' title='bbox 343 2700 399 2759; x_wconf 86' lang='lat' dir='ltr'><strong>llei</strong></span> <span class='ocrx_word' id='word_1_208' title='bbox 427 2698 586 2772; x_wconf 86' lang='lat' dir='ltr'><strong>audiendo,</strong></span> <span class='ocrx_word' id='word_1_209' title='bbox 611 2710 669 2758; x_wconf 91' lang='lat' dir='ltr'><strong>tum</strong></span> <span class='ocrx_word' id='word_1_210' title='bbox 698 2700 728 2758; x_wconf 90' lang='lat' dir='ltr'><strong>iu</strong></span> <span class='ocrx_word' id='word_1_211' title='bbox 755 2702 940 2760; x_wconf 82' lang='lat' dir='ltr'><strong>sacramentis</strong></span> <span class='ocrx_word' id='word_1_212' title='bbox 973 2695 1184 2778; x_wconf 79' lang='lat' dir='ltr'><strong>percipiendisc</strong></span> 
     </span>
     <span class='ocr_line' id='line_1_28' title="bbox 62 2779 1186 2867; baseline -0.007 -21"><span class='ocrx_word' id='word_1_213' title='bbox 62 2804 170 2867; x_wconf 81' lang='lat' dir='ltr'><strong>neque</strong></span> <span class='ocrx_word' id='word_1_214' title='bbox 201 2804 252 2864; x_wconf 91' lang='lat' dir='ltr'><strong>per</strong></span> <span class='ocrx_word' id='word_1_215' title='bbox 275 2785 384 2843; x_wconf 90' lang='lat' dir='ltr'><strong>illorum</strong></span> <span class='ocrx_word' id='word_1_216' title='bbox 413 2784 546 2843; x_wconf 84' lang='lat' dir='ltr'><strong>malitiam</strong></span> <span class='ocrx_word' id='word_1_217' title='bbox 575 2783 693 2842; x_wconf 85' lang='lat' dir='ltr'><strong>ellectns</strong></span> <span class='ocrx_word' id='word_1_218' title='bbox 716 2784 905 2843; x_wconf 90' lang='lat' dir='ltr'><strong>institutorum</strong></span> <span class='ocrx_word' id='word_1_219' title='bbox 936 2781 1044 2842; x_wconf 82' lang='lat' dir='ltr'><strong>Christi</strong></span> <span class='ocrx_word' id='word_1_220' title='bbox 1066 2779 1186 2851; x_wconf 88' lang='lat' dir='ltr'><strong>tollitur,</strong></span> 
     </span>
     <span class='ocr_line' id='line_1_29' title="bbox 57 2864 1185 2949; baseline -0.01 -17"><span class='ocrx_word' id='word_1_221' title='bbox 57 2882 121 2933; x_wconf 78' lang='lat' dir='ltr'><strong>rant</strong></span> <span class='ocrx_word' id='word_1_222' title='bbox 147 2867 399 2949; x_wconf 70' lang='lat' dir='ltr'><strong>guentanorum</strong></span> <span class='ocrx_word' id='word_1_223' title='bbox 421 2867 478 2926; x_wconf 88' lang='lat' dir='ltr'><strong>Dei</strong></span> <span class='ocrx_word' id='word_1_224' title='bbox 501 2868 646 2938; x_wconf 88' lang='lat' dir='ltr'><strong>minuitur,</strong></span> <span class='ocrx_word' id='word_1_225' title='bbox 667 2865 758 2943; x_wconf 83' lang='lat' dir='ltr'><strong>quoad</strong></span> <span class='ocrx_word' id='word_1_226' title='bbox 779 2886 830 2926; x_wconf 88' lang='lat' dir='ltr'><strong>ens</strong></span> <span class='ocrx_word' id='word_1_227' title='bbox 861 2868 907 2947; x_wconf 89' lang='lat' dir='ltr'><strong>qui</strong></span> <span class='ocrx_word' id='word_1_228' title='bbox 929 2866 984 2926; x_wconf 82' lang='lat' dir='ltr'><strong>hdc</strong></span> <span class='ocrx_word' id='word_1_229' title='bbox 1004 2875 1034 2925; x_wconf 93' lang='lat' dir='ltr'><strong>ct</strong></span> <span class='ocrx_word' id='word_1_230' title='bbox 1053 2866 1109 2923; x_wconf 93' lang='lat' dir='ltr'><strong>rite</strong></span> <span class='ocrx_word' id='word_1_231' title='bbox 1132 2864 1185 2921; x_wconf 85' lang='lat' dir='ltr'><strong>sihi</strong></span> 
     </span>
     <span class='ocr_line' id='line_1_30' title="bbox 64 2948 1187 3031; baseline -0.01 -16"><span class='ocrx_word' id='word_1_232' title='bbox 64 2954 202 3017; x_wconf 79' lang='lat' dir='ltr'><strong>oblatata</strong></span> <span class='ocrx_word' id='word_1_233' title='bbox 222 2953 400 3031; x_wconf 86' lang='lat' dir='ltr'><strong>percipiunt,</strong></span> <span class='ocrx_word' id='word_1_234' title='bbox 427 2969 499 3031; x_wconf 88' lang='lat' dir='ltr'><strong>qnae</strong></span> <span class='ocrx_word' id='word_1_235' title='bbox 521 2960 637 3029; x_wconf 90' lang='lat' dir='ltr'><strong>propter</strong></span> <span class='ocrx_word' id='word_1_236' title='bbox 664 2950 867 3010; x_wconf 72' lang='lat' dir='ltr'><strong>institutione·</strong></span> <span class='ocrx_word' id='word_1_237' title='bbox 887 2949 997 3010; x_wconf 77' lang='lat' dir='ltr'><strong>Christi</strong></span> <span class='ocrx_word' id='word_1_238' title='bbox 1020 2957 1049 3008; x_wconf 88' lang='lat' dir='ltr'><strong>et</strong></span> <span class='ocrx_word' id='word_1_239' title='bbox 1068 2948 1187 3027; x_wconf 88' lang='lat' dir='ltr'><strong>premis·</strong></span> 
     </span>
     <span class='ocr_line' id='line_1_31' title="bbox 64 3032 960 3112; baseline -0.007 -11"><span class='ocrx_word' id='word_1_240' title='bbox 64 3040 187 3101; x_wconf 73' lang='lat' dir='ltr'><strong>sicum</strong></span> <span class='ocrx_word' id='word_1_241' title='bbox 211 3036 330 3095; x_wconf 86' lang='lat' dir='ltr'><strong>efficatia</strong></span> <span class='ocrx_word' id='word_1_242' title='bbox 348 3046 422 3107; x_wconf 87' lang='lat' dir='ltr'><strong>sunt,</strong></span> <span class='ocrx_word' id='word_1_243' title='bbox 447 3036 513 3094; x_wconf 93' lang='lat' dir='ltr'><strong>licet</strong></span> <span class='ocrx_word' id='word_1_244' title='bbox 534 3053 586 3112; x_wconf 88' lang='lat' dir='ltr'><strong>per</strong></span> <span class='ocrx_word' id='word_1_245' title='bbox 608 3034 696 3092; x_wconf 85' lang='lat' dir='ltr'><strong>malos</strong></span> <span class='ocrx_word' id='word_1_246' title='bbox 718 3032 960 3095; x_wconf 86' lang='lat' dir='ltr'><strong>administrentur.</strong></span> 
     </span>
    </p>

    <p class='ocr_par' dir='ltr' id='par_1_8' title="bbox 64 3115 1188 3365">
     <span class='ocr_line' id='line_1_32' title="bbox 78 3115 1188 3196; baseline -0.007 -15"><span class='ocrx_word' id='word_1_247' title='bbox 78 3164 84 3173; x_wconf 44' lang='lat' dir='ltr'>f</span> <span class='ocrx_word' id='word_1_248' title='bbox 156 3117 210 3181; x_wconf 79' lang='lat' dir='ltr'><strong>Ad</strong></span> <span class='ocrx_word' id='word_1_249' title='bbox 226 3118 380 3179; x_wconf 84' lang='lat' dir='ltr'><strong>Ecclesiae</strong></span> <span class='ocrx_word' id='word_1_250' title='bbox 406 3129 499 3178; x_wconf 90' lang='lat' dir='ltr'><strong>tamen</strong></span> <span class='ocrx_word' id='word_1_251' title='bbox 522 3116 700 3195; x_wconf 88' lang='lat' dir='ltr'><strong>disciplinam</strong></span> <span class='ocrx_word' id='word_1_252' title='bbox 723 3120 864 3196; x_wconf 86' lang='lat' dir='ltr'><strong>pertinet,</strong></span> <span class='ocrx_word' id='word_1_253' title='bbox 891 3131 921 3178; x_wconf 89' lang='lat' dir='ltr'><strong>ut</strong></span> <span class='ocrx_word' id='word_1_254' title='bbox 940 3117 969 3175; x_wconf 91' lang='lat' dir='ltr'><strong>in</strong></span> <span class='ocrx_word' id='word_1_255' title='bbox 990 3136 1042 3176; x_wconf 86' lang='lat' dir='ltr'><strong>eos</strong></span> <span class='ocrx_word' id='word_1_256' title='bbox 1064 3115 1188 3193; x_wconf 85' lang='lat' dir='ltr'><strong>inquira-</strong></span> 
     </span>
     <span class='ocr_line' id='line_1_33' title="bbox 64 3201 1187 3282; baseline -0.007 -17"><span class='ocrx_word' id='word_1_257' title='bbox 64 3216 118 3267; x_wconf 89' lang='lat' dir='ltr'><strong>tur</strong></span> <span class='ocrx_word' id='word_1_258' title='bbox 149 3214 378 3282; x_wconf 87' lang='lat' dir='ltr'><strong>arcuscnturqnc</strong></span> <span class='ocrx_word' id='word_1_259' title='bbox 412 3203 448 3260; x_wconf 85' lang='lat' dir='ltr'><strong>ab</strong></span> <span class='ocrx_word' id='word_1_260' title='bbox 476 3201 551 3278; x_wconf 88' lang='lat' dir='ltr'><strong>hijs,</strong></span> <span class='ocrx_word' id='word_1_261' title='bbox 587 3202 635 3279; x_wconf 77' lang='lat' dir='ltr'><strong>qut</strong></span> <span class='ocrx_word' id='word_1_262' title='bbox 661 3220 758 3259; x_wconf 92' lang='lat' dir='ltr'><strong>eornm</strong></span> <span class='ocrx_word' id='word_1_263' title='bbox 788 3203 895 3282; x_wconf 80' lang='lat' dir='ltr'><strong>llagitin</strong></span> <span class='ocrx_word' id='word_1_264' title='bbox 924 3202 1072 3272; x_wconf 84' lang='lat' dir='ltr'><strong>noverint,</strong></span> <span class='ocrx_word' id='word_1_265' title='bbox 1103 3209 1187 3277; x_wconf 87' lang='lat' dir='ltr'><strong>atquc</strong></span> 
     </span>
     <span class='ocr_line' id='line_1_34' title="bbox 65 3282 777 3365; baseline -0.01 -14"><span class='ocrx_word' id='word_1_266' title='bbox 65 3284 192 3351; x_wconf 86' lang='lat' dir='ltr'><strong>tandem</strong></span> <span class='ocrx_word' id='word_1_267' title='bbox 215 3288 290 3346; x_wconf 88' lang='lat' dir='ltr'><strong>inste</strong></span> <span class='ocrx_word' id='word_1_268' title='bbox 308 3288 430 3346; x_wconf 79' lang='lat' dir='ltr'><strong>convicti</strong></span> <span class='ocrx_word' id='word_1_269' title='bbox 453 3284 567 3357; x_wconf 88' lang='lat' dir='ltr'><strong>inditio,</strong></span> <span class='ocrx_word' id='word_1_270' title='bbox 590 3282 777 3365; x_wconf 88' lang='lat' dir='ltr'><strong>deponantur.</strong></span> 
     </span>
    </p>
   </div>
   <div class='ocr_carea' id='block_1_7' title="bbox 513 3433 757 3519">
    <p class='ocr_par' dir='ltr' id='par_1_9' title="bbox 513 3433 757 3519">
     <span class='ocr_line' id='line_1_35' title="bbox 513 3433 757 3519; baseline 0 -24"><span class='ocrx_word' id='word_1_271' title='bbox 513 3433 564 3495; x_wconf 88' lang='lat' dir='ltr'><strong>De</strong></span> <span class='ocrx_word' id='word_1_272' title='bbox 585 3434 757 3519; x_wconf 67' lang='lat' dir='ltr'><strong>Baptistae.</strong></span> 
     </span>
    </p>
   </div>
   <div class='ocr_carea' id='block_1_8' title="bbox 68 3547 1193 4223">
    <p class='ocr_par' dir='ltr' id='par_1_10' title="bbox 68 3547 1193 4223">
     <span class='ocr_line' id='line_1_36' title="bbox 156 3547 1188 3633; baseline -0.007 -19"><span class='ocrx_word' id='word_1_273' title='bbox 156 3552 338 3633; x_wconf 84' lang='lat' dir='ltr'><strong>Baptismus,</strong></span> <span class='ocrx_word' id='word_1_274' title='bbox 359 3574 414 3613; x_wconf 91' lang='lat' dir='ltr'><strong>non</strong></span> <span class='ocrx_word' id='word_1_275' title='bbox 436 3562 482 3613; x_wconf 90' lang='lat' dir='ltr'><strong>est</strong></span> <span class='ocrx_word' id='word_1_276' title='bbox 503 3563 610 3613; x_wconf 87' lang='lat' dir='ltr'><strong>tantum</strong></span> <span class='ocrx_word' id='word_1_277' title='bbox 635 3552 745 3631; x_wconf 76' lang='lat' dir='ltr'><strong>signum</strong></span> <span class='ocrx_word' id='word_1_278' title='bbox 763 3550 970 3630; x_wconf 86' lang='lat' dir='ltr'><strong>proicssionis‚</strong></span> <span class='ocrx_word' id='word_1_279' title='bbox 993 3570 1027 3611; x_wconf 86' lang='lat' dir='ltr'><strong>uc</strong></span> <span class='ocrx_word' id='word_1_280' title='bbox 1048 3547 1188 3608; x_wconf 87' lang='lat' dir='ltr'><strong>discrimi-</strong></span> 
     </span>
     <span class='ocr_line' id='line_1_37' title="bbox 68 3630 1189 3718; baseline -0.012 -16"><span class='ocrx_word' id='word_1_281' title='bbox 68 3642 118 3702; x_wconf 78' lang='lat' dir='ltr'><strong>niu¹</strong></span> <span class='ocrx_word' id='word_1_282' title='bbox 143 3648 228 3709; x_wconf 89' lang='lat' dir='ltr'><strong>nota,</strong></span> <span class='ocrx_word' id='word_1_283' title='bbox 251 3658 305 3718; x_wconf 88' lang='lat' dir='ltr'><strong>qua</strong></span> <span class='ocrx_word' id='word_1_284' title='bbox 327 3635 483 3696; x_wconf 86' lang='lat' dir='ltr'><strong>Christiani</strong></span> <span class='ocrx_word' id='word_1_285' title='bbox 504 3656 592 3696; x_wconf 90' lang='lat' dir='ltr'><strong>anon</strong></span> <span class='ocrx_word' id='word_1_286' title='bbox 614 3634 785 3695; x_wconf 90' lang='lat' dir='ltr'><strong>Christianis</strong></span> <span class='ocrx_word' id='word_1_287' title='bbox 800 3633 1012 3706; x_wconf 88' lang='lat' dir='ltr'><strong>discernuntur,</strong></span> <span class='ocrx_word' id='word_1_288' title='bbox 1034 3630 1189 3691; x_wconf 87' lang='lat' dir='ltr'><strong>sedetiam</strong></span> 
     </span>
     <span class='ocr_line' id='line_1_38' title="bbox 68 3717 1189 3801; baseline -0.014 -14"><span class='ocrx_word' id='word_1_289' title='bbox 68 3734 119 3787; x_wconf 70' lang='lat' dir='ltr'><strong>est</strong></span> <span class='ocrx_word' id='word_1_290' title='bbox 141 3724 256 3801; x_wconf 79' lang='lat' dir='ltr'><strong>signnm</strong></span> <span class='ocrx_word' id='word_1_291' title='bbox 281 3722 528 3799; x_wconf 81' lang='lat' dir='ltr'><strong>regenerationis,</strong></span> <span class='ocrx_word' id='word_1_292' title='bbox 559 3739 612 3799; x_wconf 89' lang='lat' dir='ltr'><strong>per</strong></span> <span class='ocrx_word' id='word_1_293' title='bbox 640 3717 714 3798; x_wconf 87' lang='lat' dir='ltr'><strong>quod</strong></span> <span class='ocrx_word' id='word_1_294' title='bbox 735 3728 867 3798; x_wconf 87' lang='lat' dir='ltr'><strong>tanquam</strong></span> <span class='ocrx_word' id='word_1_295' title='bbox 896 3736 949 3797; x_wconf 91' lang='lat' dir='ltr'><strong>per</strong></span> <span class='ocrx_word' id='word_1_296' title='bbox 976 3719 1189 3776; x_wconf 82' lang='lat' dir='ltr'><strong>instrumentum</strong></span> 
     </span>
     <span class='ocr_line' id='line_1_39' title="bbox 68 3798 1190 3883; baseline -0.014 -16"><span class='ocrx_word' id='word_1_297' title='bbox 68 3816 155 3867; x_wconf 80' lang='lat' dir='ltr'><strong>recte</strong></span> <span class='ocrx_word' id='word_1_298' title='bbox 178 3804 355 3883; x_wconf 85' lang='lat' dir='ltr'><strong>Baptismum</strong></span> <span class='ocrx_word' id='word_1_299' title='bbox 387 3805 575 3882; x_wconf 84' lang='lat' dir='ltr'><strong>suscipientes</strong></span> <span class='ocrx_word' id='word_1_300' title='bbox 602 3800 753 3861; x_wconf 78' lang='lat' dir='ltr'><strong>Ecclesiae</strong></span> <span class='ocrx_word' id='word_1_301' title='bbox 781 3803 965 3871; x_wconf 86' lang='lat' dir='ltr'><strong>inseruntur,</strong></span> <span class='ocrx_word' id='word_1_302' title='bbox 987 3798 1190 3877; x_wconf 88' lang='lat' dir='ltr'><strong>promissiones</strong></span> 
     </span>
     <span class='ocr_line' id='line_1_40' title="bbox 70 3880 1192 3967; baseline -0.013 -16"><span class='ocrx_word' id='word_1_303' title='bbox 70 3890 111 3951; x_wconf 82' lang='lat' dir='ltr'><strong>de</strong></span> <span class='ocrx_word' id='word_1_304' title='bbox 134 3890 308 3948; x_wconf 83' lang='lat' dir='ltr'><strong>remissione</strong></span> <span class='ocrx_word' id='word_1_305' title='bbox 330 3894 610 3967; x_wconf 71' lang='lat' dir='ltr'><strong>peceatornm’ntqne</strong></span> <span class='ocrx_word' id='word_1_306' title='bbox 629 3884 779 3963; x_wconf 86' lang='lat' dir='ltr'><strong>adoptione</strong></span> <span class='ocrx_word' id='word_1_307' title='bbox 800 3895 897 3945; x_wconf 89' lang='lat' dir='ltr'><strong>nostra</strong></span> <span class='ocrx_word' id='word_1_308' title='bbox 918 3886 947 3943; x_wconf 92' lang='lat' dir='ltr'><strong>in</strong></span> <span class='ocrx_word' id='word_1_309' title='bbox 973 3883 1043 3941; x_wconf 90' lang='lat' dir='ltr'><strong>lilios</strong></span> <span class='ocrx_word' id='word_1_310' title='bbox 1064 3880 1120 3939; x_wconf 88' lang='lat' dir='ltr'><strong>Dei</strong></span> <span class='ocrx_word' id='word_1_311' title='bbox 1141 3898 1192 3958; x_wconf 89' lang='lat' dir='ltr'><strong>per</strong></span> 
     </span>
     <span class='ocr_line' id='line_1_41' title="bbox 71 3962 1190 4053; baseline -0.013 -18"><span class='ocrx_word' id='word_1_312' title='bbox 71 3972 218 4053; x_wconf 86' lang='lat' dir='ltr'><strong>Spiritum</strong></span> <span class='ocrx_word' id='word_1_313' title='bbox 242 3973 376 4031; x_wconf 87' lang='lat' dir='ltr'><strong>Sanctum</strong></span> <span class='ocrx_word' id='word_1_314' title='bbox 396 3970 544 4030; x_wconf 70' lang='lat' dir='ltr'><strong>visibiliter</strong></span> <span class='ocrx_word' id='word_1_315' title='bbox 574 3969 779 4047; x_wconf 82' lang='lat' dir='ltr'><strong>obsignantur,</strong></span> <span class='ocrx_word' id='word_1_316' title='bbox 807 3967 877 4028; x_wconf 87' lang='lat' dir='ltr'><strong>lides</strong></span> <span class='ocrx_word' id='word_1_317' title='bbox 898 3966 1091 4037; x_wconf 75' lang='lat' dir='ltr'><strong>contr-atur,</strong></span> <span class='ocrx_word' id='word_1_318' title='bbox 1112 3972 1142 4023; x_wconf 89' lang='lat' dir='ltr'><strong>ct</strong></span> <span class='ocrx_word' id='word_1_319' title='bbox 1164 3962 1190 4021; x_wconf 87' lang='lat' dir='ltr'><strong>ri</strong></span> 
     </span>
     <span class='ocr_line' id='line_1_42' title="bbox 74 4044 1193 4131; baseline -0.013 -14"><span class='ocrx_word' id='word_1_320' title='bbox 74 4056 197 4117; x_wconf 85' lang='lat' dir='ltr'><strong>divinae</strong></span> <span class='ocrx_word' id='word_1_321' title='bbox 221 4057 429 4123; x_wconf 82' lang='lat' dir='ltr'><strong>invocationis,</strong></span> <span class='ocrx_word' id='word_1_322' title='bbox 460 4056 551 4131; x_wconf 74' lang='lat' dir='ltr'><strong>gratia</strong></span> <span class='ocrx_word' id='word_1_323' title='bbox 581 4062 712 4130; x_wconf 84' lang='lat' dir='ltr'><strong>augetur.</strong></span> <span class='ocrx_word' id='word_1_324' title='bbox 755 4051 823 4111; x_wconf 89' lang='lat' dir='ltr'><strong>lllos</strong></span> <span class='ocrx_word' id='word_1_325' title='bbox 855 4050 1004 4111; x_wconf 82' lang='lat' dir='ltr'><strong>Ecclesiae</strong></span> <span class='ocrx_word' id='word_1_326' title='bbox 1031 4044 1193 4127; x_wconf 75' lang='lat' dir='ltr'><strong>baptizandi</strong></span> 
     </span>
     <span class='ocr_line' id='line_1_43' title="bbox 78 4130 1112 4223; baseline -0.014 -22"><span class='ocrx_word' id='word_1_327' title='bbox 78 4141 218 4223; x_wconf 77' lang='lat' dir='ltr'><strong>parvulos</strong></span> <span class='ocrx_word' id='word_1_328' title='bbox 242 4150 269 4200; x_wconf 91' lang='lat' dir='ltr'><strong>ct</strong></span> <span class='ocrx_word' id='word_1_329' title='bbox 290 4138 445 4200; x_wconf 84' lang='lat' dir='ltr'><strong>landandus</strong></span> <span class='ocrx_word' id='word_1_330' title='bbox 467 4150 522 4207; x_wconf 89' lang='lat' dir='ltr'><strong>cst,</strong></span> <span class='ocrx_word' id='word_1_331' title='bbox 546 4148 575 4197; x_wconf 89' lang='lat' dir='ltr'><strong>ct</strong></span> <span class='ocrx_word' id='word_1_332' title='bbox 599 4137 714 4196; x_wconf 89' lang='lat' dir='ltr'><strong>omnino</strong></span> <span class='ocrx_word' id='word_1_333' title='bbox 737 4137 764 4197; x_wconf 94' lang='lat' dir='ltr'><strong>in</strong></span> <span class='ocrx_word' id='word_1_334' title='bbox 787 4136 918 4197; x_wconf 83' lang='lat' dir='ltr'><strong>Ecclesia</strong></span> <span class='ocrx_word' id='word_1_335' title='bbox 938 4130 1112 4194; x_wconf 82' lang='lat' dir='ltr'><strong>retinendus.</strong></span> 
     </span>
    </p>
   </div>
   <div class='ocr_carea' id='block_1_9' title="bbox 0 0 1331 4928">
    <p class='ocr_par' dir='ltr' id='par_1_11' title="bbox 0 0 1331 4928">
     <span class='ocr_line' id='line_1_44' title="bbox 0 0 1331 4928; baseline 0 0"><span class='ocrx_word' id='word_1_336' title='bbox 0 0 1331 4928; x_wconf 95' lang='lat' dir='ltr'><strong> </strong></span> 
     </span>
    </p>
   </div>
  </div>
 </body>
</html>
