2648 4928
174 284 225 362 66
444 281 612 377 Zwinglii
632 279 798 374 expositio
818 276 903 353 eur.
926 279 1015 353 idei.
1049 288 1055 297 '

141 504 146 515 ·
177 467 337 536 Christum,
362 464 415 522 iam
444 458 564 520 anobis
586 457 656 518 nibil
683 457 829 537 quidone)
859 458 1044 533 dissentiunt,
1075 459 1127 521 sed
1146 480 1166 520 a
1186 460 1253 523 ss'i

177 552 322 631 plusquam
343 546 406 627 spic
426 540 475 607 dodo
493 548 604 604 πασῶν.
645 540 807 617 'sannanim
821 544 903 603 abest
915 555 948 603 ut
962 542 1106 604 Christum
1129 545 1186 605 boe
1206 564 1253 605 Ι

176 635 297 693 ellerunt
325 642 357 689 ut
382 630 490 710 seipsos
518 624 574 686 lide
599 625 642 683 illi
668 625 771 687 dudum
795 628 905 687 oblatos
936 629 1088 688 visibiliter
1117 646 1253 709 quoqu·

108 721 267 784 lbbcoena
289 715 419 774 alienant.
464 711 584 789 siper,
608 711 808 789 spiritualiter,
833 712 961 791 spiritum
984 710 1091 772 Christi
1114 710 1253 791 intelligi

178 803 233 861 hoe
255 819 350 870 sensu,
372 794 565 875 spiritualiter
577 792 720 853 Christum
737 796 891 866 ollerimus,
917 794 944 853 id
965 806 1020 868 est,
1039 797 1171 875 spiritam
1184 794 1253 857 Ch

178 885 333 953 offerimus,
358 882 413 939 iam
435 878 538 950 obstat,
562 874 637 955 quod
658 898 743 957 supra
764 898 876 958 quoque
898 877 1076 951 adduximus,
1100 878 1213 939 Cbiisti
1235 898 1253 949 q

179 968 263 1037 bum,
295 965 389 1024 Nemo
415 963 491 1020 tollit
523 962 643 1019 animam
677 980 766 1021 meam
796 974 852 1022 etc.
896 962 992 1021 Nemo
1019 964 1101 1021 enim·
1126 970 1253 1042 potestd

181 1054 209 1111 in
232 1051 309 1109 illum
332 1044 428 1106 habet.
471 1044 547 1103 Nam
561 1054 598 1129 'et
619 1044 679 1122 ipse
709 1047 830 1125 scipsum
859 1065 911 1126 per
938 1047 1066 1126 spiritum
1093 1040 1253 1125 sempitm'

182 1134 300 1203 obtulit,
324 1131 378 1189 hoe
400 1139 460 1200 est,
483 1130 603 1186 animam
626 1140 656 1186 et
679 1147 781 1208 eorpus
801 1148 881 1189 suum
904 1132 933 1189 in
954 1141 1073 1189 mortem
1094 1128 1238 1203 tradidit,-

182 1219 290 1276 lentate
316 1222 347 1273 et
374 1214 452 1272 iussu
481 1212 590 1270 aeterni
619 1212 734 1291 spiritus
763 1214 822 1272 sire
849 1213 992 1273 consilii.'
1016 1213 1081 1273 lloe
1102 1212 1189 1273 modo
1206 1212 1221 1251 ·‘
1251 1286 1253 1291 Ι

37 1340 45 1367 s
111 1300 326 1367 137Christum
356 1314 439 1355 nemo
459 1296 522 1353 uisi
551 1313 582 1353 se
604 1295 663 1372 ipse
690 1307 783 1376 potest
804 1298 902 1356 ollere.
947 1297 980 1356 Si
999 1316 1069 1356 vero
1090 1316 1144 1376 per
1200 1296 1210 1313 '

183 1386 250 1445 liter
276 1381 437 1459 intelligant
463 1379 517 1437 hoe
548 1373 650 1449 modo,
681 1380 745 1439 Nos
773 1382 916 1439 ollerimus
943 1399 1041 1440 reram
1064 1378 1177 1440 Christi
1195 1374 1253 1459 eq]

183 1465 386 1547 spiritualiter,
416 1463 470 1521 hoe
491 1470 536 1521 est
555 1459 675 1540 quodam
691 1462 852 1523 inedicibili
874 1461 976 1535 modo,
1005 1475 1037 1522 ut
1057 1466 1095 1523 sit
1116 1482 1213 1524 remim
1245 1456 1253 1468 '

183 1570 236 1631 pus
257 1569 314 1608 nun
335 1558 428 1605 minen
450 1546 528 1604 reale
549 1555 598 1602 aut
619 1548 766 1619 naturale,
796 1546 845 1606 sed
868 1567 920 1606 suo
947 1546 1032 1606 modo
1052 1546 1218 1627 spirituale,
1245 1606 1253 1636 r

183 1631 284 1692 modus
307 1631 387 1689 nobis
411 1631 525 1707 ignotus
545 1637 590 1687 est
613 1630 665 1702 (sie
686 1632 761 1689 enim
787 1632 847 1689 lere
869 1631 1054 1708 loquuntur),
1085 1632 1142 1690 iam
1169 1628 1247 1699 Μ

185 1734 247 1775 mus
269 1734 319 1775 eos
337 1713 406 1771 nihil
429 1731 512 1793 qnam
533 1711 620 1771 rerba
640 1714 811 1773 concinnare
833 1713 981 1793 quaesibi
1003 1725 1136 1773 constare
1158 1702 1249 1803 1ωῇ

186 1810 262 1859 sunt.
307 1795 377 1855 Cum
408 1798 483 1854 enim
511 1804 622 1853 constet
650 1794 759 1856 Christi
790 1818 892 1876 eorpus
918 1816 1015 1856 rerum
1044 1817 1109 1857 esse
1137 1776 1253 1877 eorpql

185 1893 219 1941 ut
246 1900 331 1940 aurum
359 1877 489 1957 idemque
517 1898 622 1958 corpus
650 1892 798 1959 antequam
827 1891 986 1939 moreretur
1014 1891 1044 1940 et
1070 1862 1250 1960 postquud

187 1966 280 2036 rexit,
312 1982 344 2022 re
372 1972 403 2021 et
430 1980 547 2021 numero
577 1975 706 2035 maneat,
739 1966 851 2023 tametsi
872 1984 908 2023 ex
931 1965 1043 2023 mortali
1064 1965 1171 2024 lactum
1191 1954 1253 2041 n'lbl

188 2047 327 2119 mortale,
350 2064 388 2105 ex
409 2044 523 2103 animali
545 2045 709 2124 spirituale,
732 2047 787 2107 hoe
808 2058 869 2118 cst,
894 2046 1036 2120 divinum,
1059 2066 1178 2128 purum,
1199 2044 1253 2135 Q

189 2132 292 2201 sibile,
321 2140 352 2187 et
380 2128 491 2208 spiritui
520 2128 549 2186 in
580 2131 708 2207 omuibus
736 2131 950 2209 obtemperans,
983 2150 1126 2210 nunquam
1148 2136 1253 2191 tunt

190 2224 316 2274 mutatur
337 2223 387 2271 aut
409 2210 510 2270 transit
531 2212 559 2269 in
582 2212 732 2289 spiritum,
758 2225 865 2273 utnon
888 2215 1040 2273 sitieram
1062 2214 1194 2274 naturale
1212 2216 1253 2275 ri

191 2316 247 2377 que
267 2315 389 2374 corpus,
422 2305 489 2353 ante
518 2305 636 2353 unorum
657 2294 769 2376 quidem
792 2297 976 2376 corruptibile
1002 2308 1032 2356 et
1044 2302 1068 2371 ³)
1099 2297 1253 2379 fragilem

191 2380 429 2440 resurrectionem
459 2395 527 2436 uero
555 2378 768 2458 incorruptum,
799 2382 909 2440 firmum
940 2399 974 2438 ae
1003 2381 1219 2460 sempiternum.
1241 2382 1253 2445 :l

121 2462 277 2527 lasanum
299 2460 429 2540 idemque
455 2479 567 2539 semper
592 2480 707 2542 corqrus.
750 2462 797 2521 De
825 2482 894 2521 rero
915 2464 1003 2542 igitur
1023 2483 1145 2543 corpore
1165 2410 1253 2533 ut*

192 2559 223 2607 et
244 2565 368 2625 quaero,
391 2545 438 2603 An
461 2543 557 2603 dieunt
577 2563 673 2604 rerum
696 2566 797 2624 corpus
818 2547 930 2617 ollerri,
962 2546 1012 2606 sed
1031 2546 1116 2606 modo
1137 2542 1253 2607 inediell

193 2627 388 2708 llespundcut,
413 2627 520 2693 Etiam,
545 2627 687 2688 nimirum.
732 2631 848 2703 Quaero
870 2631 955 2700 ultra,
986 2630 1046 2689 Cur
1067 2630 1192 2690 audeant
1211 2626 1253 2689 tl'fl

195 2713 306 2772 modum
329 2730 392 2770 esse
415 2711 623 2785 inedicibilem,
655 2734 718 2771 eum
743 2715 813 2772 haec
835 2715 872 2771 sit
893 2716 983 2792 prima
1003 2713 1105 2772 divisio
1126 2712 1253 2774 rerum!¹

195 2798 417 2874 stantiarumque
439 2797 579 2867 euronium,
604 2796 679 2876 quod
701 2808 750 2855 aut
771 2818 873 2875 corpus
898 2808 963 2855 sunt
984 2809 1034 2855 aut
1055 2800 1183 2876 spiritus.
1226 2794 1253 2871 0

97 2878 102 2885 ’
196 2880 296 2941 divisio
328 2889 384 2937 tam
415 2879 470 2937 late
501 2889 620 2957 uagatur
648 2891 680 2939 ut
707 2883 791 2939 etiam
814 2880 896 2938 deum
919 2880 1156 2959 comprehendat,
1180 2882 1253 2961 ange

126 2963 230 3026 139ae
258 2963 373 3041 spiritus
402 2982 510 3020 orrrncs.
555 2962 635 3022 Deus
664 2964 737 3021 enim
764 2975 809 3022 est
830 2966 944 3043 spiritus
965 2965 1051 3023 dean.
1068 2965 1101 3026 4.
1146 2961 1253 3025 Curat

198 3046 279 3106 nobis
302 3047 429 3121 quaestio
451 3046 489 3102 sit
509 3043 544 3102 de
566 3046 716 3124 quidest,
740 3068 795 3105 non
819 3046 853 3105 de
875 3047 1014 3126 quomodo
1036 3059 1097 3119 est,
1120 3059 1152 3106 ut
1174 3046 1253 3128 ipsit

199 3127 374 3209 philosophis
396 3127 566 3204 loquuntur,
590 3131 643 3187 huc
665 3141 726 3200 est,
751 3151 802 3188 uos
824 3133 914 3210 primo
937 3133 1099 3210 (quaeritans
1114 3130 1189 3210 quid
1210 3126 1253 3191 effi

201 3224 263 3283 tur,
287 3207 388 3268 deinde
411 3211 571 3288 quaerimus
597 3211 708 3271 tandem
732 3214 871 3292 quomodo
893 3216 1038 3287 olleratur,
1063 3236 1119 3273 nun
1142 3214 1253 3294 quasit

201 3314 264 3355 mus
285 3312 400 3372 operum
424 3292 469 3350 dei
491 3295 627 3353 rationem
649 3298 783 3373 exigere,
808 3297 857 3357 sed
880 3319 942 3357 cunr
965 3299 1000 3358 de
1022 3319 1053 3356 re
1075 3300 1135 3356 sire
1157 3298 1253 3357 substa

202 3398 260 3439 uon
286 3387 364 3434 reete
392 3375 577 3454 respondent,
608 3381 663 3437 iam
691 3380 743 3451 de,
774 3380 914 3460 quomodo
942 3384 995 3452 sit,
1020 3378 1253 3441 ostentamus-l

204 3470 282 3520 reete
304 3457 486 3537 respondere.
531 3461 588 3520 Sed
611 3483 646 3522 ne
668 3464 734 3543 quid
755 3464 935 3524 Maiestatem
957 3477 1032 3523 tuaru
1055 3463 1202 3524 oll'endant
1219 3482 1253 3545 sq

205 3546 294 3604 stieae
314 3543 445 3611 nebulae,
466 3543 540 3622 quod
563 3545 621 3606 diui
642 3560 757 3628 propter
777 3550 979 3621 contentiosos,
997 3549 1160 3629 planissime
1181 3566 1253 3631 aeq

207 3627 313 3686 tissime
324 3626 351 3701 b)
374 3646 524 3706 exponam.

138 3724 201 3792 140
290 3723 320 3782 Α
359 3724 484 3805 Papistis
511 3748 616 3806 quaero
645 3729 680 3790 de
711 3751 743 3792 re
770 3733 907 3810 primum,
937 3726 1013 3803 Quid
1043 3729 1151 3788 oll'ortis
1173 3746 1253 3809 pret

209 3809 280 3869 eatis
303 3809 331 3868 in
357 3808 470 3868 Missa?
504 3811 709 3892 Respondent,
741 3814 852 3892 Corpus
872 3814 989 3871 Christi.
1034 3813 1110 3871 Dico
1132 3832 1208 3890 ego,
1234 3808 1253 3873 d

210 3912 307 3953 rerum
334 3904 364 3951 et
392 3893 490 3952 reale?
517 3896 719 3976 Respondent,
749 3897 856 3955 Etiam.
900 3897 994 3967 Dico,
1019 3896 1051 3954 Si
1072 3915 1170 3954 verum
1193 3905 1253 3956 ett

141 3980 200 4043 141
211 3977 337 4048 ollertis,
360 3977 414 4034 iam
436 3976 492 4036 duo
514 3979 713 4039 absurdissima
734 3992 899 4061 stuprantur.
944 3980 1049 4051 Uarum,
1067 3977 1141 4058 quod
1156 3978 1253 4039 robis«

211 4059 286 4140 quod
308 4059 395 4119 solius
417 4061 467 4121 lilii
491 4060 537 4123 dei
559 4075 602 4123 est
623 4066 743 4124 sumitis.
789 4066 852 4145 lpse
881 4066 956 4124 enim
985 4065 1107 4142 seipsum
1137 4062 1253 4137 obtulit,

279 4242 308 4308 a)
325 4244 382 4295 MS.
400 4243 492 4295 Turis.
509 4244 607 4311 quidem
624 4247 694 4313 nibil,
708 4246 757 4301 lroe
774 4246 831 4301 ord.
845 4274 879 4289 -
896 4243 1205 4312 s)1tts.Turic.ae.-
1223 4243 1253 4312 b)

212 4309 302 4364 Turio.
319 4313 458 4379 aptissime.
