2648 4928
154 238 204 345 5²0
309 249 312 259 ¹
418 270 587 365 zwinglii
613 271 777 362 expositio
811 264 892 340 cnr.
918 268 1007 337 fidei.
1081 242 1084 247 ⁵

152 466 183 513 ct
209 440 364 513 efficiant.'
395 449 471 510 Nam
501 448 614 521 obstat,
645 468 707 506 cum
741 446 816 529 quod
848 467 934 530 supra
962 445 1084 506 diximus
1102 439 1145 505 'do
1177 466 1225 507 ver

72 524 78 537 ¹
153 538 262 599 utristi
289 555 361 615 quae
391 532 585 612 corpus'eius
621 542 726 611 negant
754 533 871 611 posthae
908 529 1064 590 inmundo
1099 531 1181 604 iore,
1211 542 1225 591 t

154 616 245 701 quod,
277 621 301 677 si
328 618 448 690 vcrha‘t)
484 614 558 674 istud
581 626 712 695 possent,
744 618 798 673 inm
830 614 975 675 adferrent
1002 614 1136 695 passibile
1167 634 1225 695 corq

153 704 280 777 Christi3
311 722 374 760 eum
405 700 479 758 cuim
517 699 588 758 haee
620 699 705 758 t'crha
742 699 851 758 diecret
876 699 995 759 mortale
1027 697 1119 756 adhue
1149 694 1225 759 halis.¹

153 808 275 866 eorpus,
305 786 379 843 ttrrde
402 795 431 843 ot
454 785 572 842 mortale
600 780 817 853 oorucdissent')
847 781 997 862 Apostoli,
1030 803 1084 840 non
1109 783 1184 840 enim
1213 772 1225 841 l

153 864 276 931 habebat
302 888 439 948 corpora,
472 886 590 945 (quorum
622 886 707 924 unum
741 877 818 927 esset
843 866 1001 925 immortale
1027 876 1056 924 et
1090 864 1225 925 insensibl

154 956 273 1015 alterum
297 971 364 1012 vero
389 950 518 1008 mortale.
571 948 603 1007 Si
638 969 707 1028 ergo
737 950 855 1008 mortale
885 948 1009 1025 edissent
1033 948 1184 1027 Apostoli,
1215 966 1225 1009 t

154 1039 237 1118 quale
265 1055 338 1094 nune
368 1033 535 1093 ederemus?
565 1033 695 1091 nimirum
726 1044 755 1091 ct
785 1034 837 1112 ipsi
869 1034 998 1092 mortale.
1051 1034 1091 1090 At
1119 1040 1214 1092 nunc'

153 1118 312 1181 irnmortale
342 1128 372 1177 ct
395 1117 608 1195 incorruptibile
637 1115 710 1194 quod
740 1117 818 1195 prius
840 1118 959 1176 mortale
986 1116 1089 1175 iuerat.
1144 1114 1177 1175 Si
1199 1133 1225 1176 et

154 1226 206 1264 nos
226 1222 299 1265 nuno
323 1201 441 1259 mortale
461 1199 626 1272 ederemus,
651 1201 705 1258 iam
730 1201 832 1258 iterum
856 1200 975 1259 haberet
997 1199 1115 1258 mortale
1134 1198 1218 1259 simul

154 1286 312 1347 immortale
332 1305 452 1363 corpus:
477 1282 635 1363 quodcum
663 1283 724 1341 heri
749 1294 885 1362 nequeat,
911 1284 1061 1342 nonenim
1084 1293 1180 1363 potest
1204 1300 1225 1343 α

122 1376 125 1380 ’
153 1370 272 1431 mortale
294 1381 323 1428 et
340 1366 496 1426 immortale
517 1367 610 1438 simul,
636 1378 801 1445 sequeretur
822 1365 896 1447 quod
920 1366 975 1425 duo
995 1366 1114 1426 haberet
1133 1385 1225 1449 corpe

155 1474 240 1515 eroum
265 1452 384 1511 mortale
402 1449 477 1531 quod
499 1449 646 1508 ederemus
663 1470 726 1508 cum
742 1450 889 1529 apostolis,
908 1452 1027 1509 altorum
1041 1462 1135 1509 autem
1153 1448 1225 1509 imr'm¹

156 1537 212 1597 tale
236 1534 310 1615 qnod
333 1534 368 1594 ad
385 1533 528 1593 dexteram
546 1532 625 1592 sedet
647 1554 702 1592 non
726 1534 907 1593 transiturum
929 1532 1005 1593 inde.
1050 1533 1117 1592 Nisi
1130 1534 1225 1594 rellan

70 1648 76 1659 ·
156 1618 252 1679 dicere
272 1618 427 1697 Apostolos
451 1615 563 1697 quidem
587 1617 705 1675 mortale
728 1636 831 1696 corpus
845 1615 948 1688 edisse,
974 1637 1025 1676 nos
1042 1628 1136 1677 autem
1153 1611 1225 1677 ihm

104 1706 232 1781 72,talc;
256 1701 330 1783 quod
354 1721 435 1780 quam
459 1699 610 1761 absurdum
637 1702 692 1770 sit,
714 1720 797 1759 nemo
821 1721 884 1788 non·
910 1700 997 1761 videt.
1041 1699 1193 1781 Postremo

157 1790 278 1847 uiuimus
305 1785 475 1843 adversariis
499 1805 561 1842 eum
584 1804 717 1862 praesens
747 1780 853 1842 Christi
876 1786 1003 1844 naturale
1025 1782 1225 1867 substantialcq

155 1892 258 1950 ‹nrrpns
281 1867 327 1928 cdi
349 1867 556 1937 adscrucrunt,
580 1865 654 1945 qnod
675 1865 749 1925 istud
773 1867 873 1946 religio
894 1886 1005 1949 quoque
1029 1879 1117 1927 vetat.
1161 1866 1225 1927 Peo

155 1974 218 2014 eum
241 1955 370 2013 virtutem
385 1950 506 2010 divinam
520 1952 553 2008 -in
576 1951 725 2009 venatione
748 1950 865 2030 piscium
883 1953 1016 2010 inusitata
1031 1950 1147 2010 Christo
1166 1948 1225 2011 adet

112 2082 117 2091 .
155 2039 284 2107 sentiret,
309 2034 431 2105 dicebat,
455 2026 511 2093 Exi
528 2054 544 2092 a
563 2053 606 2091 rue
621 2032 744 2105 dominc,
767 2055 821 2113 ego
844 2037 918 2094 euim
934 2036 1018 2095 homo
1036 2042 1225 2114 peccatoram

155 2133 254 2199 stupor
273 2120 347 2178 eninr
371 2119 512 2176 inuaserat
538 2137 612 2176 crunt.
656 2116 695 2176 Et
718 2139 768 2175 nos
792 2116 945 2197 adpetitum
968 2119 1137 2178 haberemus
1163 2110 1225 2178 edel

155 2207 245 2283 ipsunt
273 2202 461 2273 naturaliter,
479 2200 556 2260 rclut
576 2201 835 2281 Anthropophagi?
857 2202 947 2275 Quasi
977 2223 1045 2261 vero
1070 2203 1175 2261 liberos
1198 2218 1225 2261 tt

154 2289 301 2366 quisquam
330 2286 371 2343 sie
397 2294 472 2343 amet
500 2295 531 2342 ut
564 2281 699 2342 devorare
724 2295 772 2343 artt
802 2284 936 2344 mandere
962 2287 1077 2364 cupiat?
1103 2284 1164 2345 Aut
1185 2298 1225 2365 qut

156 2392 211 2429 non
238 2372 296 2428 sint
323 2369 397 2426 inter
417 2386 514 2427 ornncs
546 2367 673 2426 homines
705 2370 897 2427 immanissimi
926 2369 1042 2428 iudicati
1070 2369 1118 2449 qui
1144 2369 1225 2429 tunt

155 2474 241 2513 earne
260 2456 433 2512 vescuntur?
455 2450 608 2520 Centurio,
633 2450 700 2509 Non
721 2472 781 2509 sum
802 2450 921 2531 dignus,
946 2454 1047 2533 iuquit,
1079 2464 1111 2511 ut
1128 2452 1219 2533 inam·

154 2536 239 2597 aedes
263 2556 339 2594 meas
358 2545 414 2592 etc.
459 2533 497 2591 At
520 2532 554 2591 de
575 2535 623 2592 illo
646 2534 776 2593 Christus
796 2537 855 2615 ipse
884 2547 1001 2595 testatus
1026 2534 1167 2615 estquod
1189 2534 1225 2595 siu

156 2622 209 2679 lem
226 2619 307 2678 hdcnt
331 2640 386 2678 non
410 2619 592 2697 eoutpcrissct
616 2620 642 2675 in
663 2620 792 2677 uniuerso
815 2618 931 2679 israele.
977 2622 1091 2694 Quanto
1108 2638 1178 2699 crgo
1195 2616 1225 2679 hd

155 2716 197 2765 est
222 2703 312 2761 uraior
333 2722 366 2760 ae
387 2702 528 2772 sanctior,
561 2713 638 2760 tanto
661 2704 749 2777 rniqis
774 2713 906 2761 contenta
928 2714 970 2762 est
993 2704 1133 2782 spirituali
1151 2700 1225 2762 mand

155 2789 283 2845 catione:
308 2797 334 2845 ct
350 2797 453 2865 quanto
468 2787 519 2842 ista
534 2787 632 2843 niclins
650 2797 766 2855 ¹saturat,
792 2797 869 2845 tanto
883 2788 972 2864 magis
985 2787 1120 2845 abhorret
1134 2786 1225 2866 religit

156 2891 234 2929 raons
250 2892 266 2928 a
289 2871 429 2948 corporati
446 2870 671 2927 nrmulucntimm.
718 2870 870 2929 Olliciosac
889 2872 1020 2929 mulieres
1036 2870 1132 2930 colere
1148 2871 1225 2931 lasau

155 2966 184 3012 ct
200 2952 330 3027 ungendo
357 2953 464 3009 (ltu-tut
481 2973 583 3031 eorpus
604 2953 749 3023 solebant,
775 2975 829 3011 non
851 2953 971 3012 edendo.
1016 2953 1130 3012 Nottttis
1154 2962 1225 3013 senat

155 3036 255 3112 loseph
280 3046 306 3092 ct
329 3038 391 3111 pius
417 3036 565 3092 sinndntor
592 3034 768 3093 Nicodctnus
797 3036 999 3109 condimentis,
1029 3038 1143 3109 linteis,
1175 3056 1225 3117 sep

155 3119 280 3195 clmoque
302 3117 480 3187 nrttniebant,
505 3138 560 3173 non
584 3116 702 3175 edebant
727 3121 903 3179 rianturalitcr.

342 3247 487 3325 eteius>
516 3246 889 3310 snctttttnn'tetttnt
916 3253 1077 3312 VIRTUS.

104 3365 145 3428 73
239 3353 320 3412 llaec
344 3376 413 3434 crgo
436 3354 628 3419 incommoda,
654 3378 670 3413 o
690 3358 772 3429 Rex,
798 3362 880 3439 plane
901 3359 1020 3430 docent,
1047 3379 1138 3439 neque
1155 3360 1225 3420 Eucl

156 3439 253 3497 ristiac
279 3458 369 3516 neque
394 3440 558 3517 ltnptismoe
592 3442 685 3519 specie
714 3445 842 3523 pietatis,
876 3446 990 3502 attribui
1016 3443 1138 3513 dchcrc,
1168 3444 1225 3523 quil

155 3523 257 3595 religio
289 3533 318 3580 ct
350 3525 453 3581 ueritus
483 3524 688 3602 periclitantur.
738 3526 954 3600 Qoid'auteml
983 3548 1055 3586 anne
1093 3546 1225 3587 sacramen

156 3605 261 3665 nubam
283 3606 385 3664 hahent
405 3609 559 3665 uirtutem?
579 3606 700 3667 Ittutnm
723 3616 836 3669 onmino
859 3612 1002 3683 trahent.²)

104 3691 147 3753 74
239 3688 341 3749 'dictus
358 3694 458 3771 prima.
482 3691 542 3749 lies
558 3702 672 3751 sauctae
689 3704 716 3752 ct
731 3702 907 3753 venerandae
923 3708 997 3766 sunt,
1018 3707 1113 3775 utpote
1131 3716 1146 3753 a
1163 3714 1225 3755 sum¹

155 3772 305 3831 sacerdote
330 3772 445 3832 Christo
466 3776 609 3833 institutae
637 3788 666 3835 ct
693 3790 850 3856 susceptae.
903 3780 967 3857 lpse
992 3781 1066 3837 onim
1095 3780 1225 3858 Baptiser

155 3877 213 3915 non
237 3868 342 3916 tanturn
365 3860 496 3927 instituit,
519 3857 567 3916 sed
586 3868 649 3928 ott)
675 3863 734 3938 ipsc
758 3883 869 3940 ‹qtztrque
891 3865 1007 3940 recepit.
1054 3864 1117 3940 lpse
1136 3872 1225 3920 nont

156 3952 214 3999 tum
238 3938 447 4000 Eucharistiam
473 3943 618 4000 celebrare
644 3945 741 4007 iussit,
775 3945 823 4003 sed
846 3948 952 4024 primus
980 3946 1147 4004 celebrarit·

223 4096 254 4152 q)
271 4089 327 4139 MS.
346 4088 371 4140 T
375 4087 438 4139 orie.
457 4088 484 4139 in
505 4104 589 4152 ntarg.
607 4088 683 4143 add:
702 4090 747 4141 hoc
765 4099 801 4141 ert
820 4094 885 4142 entia
904 4108 997 4157 corpus
1016 4108 1104 4142 roctnn.
1122 4119 1154 4128 -
1173 4091 1225 4149 rll

153 4153 244 4207 Turio.
264 4158 378 4206 edissent.
404 4184 428 4192 -·
455 4158 481 4223 s)
500 4157 556 4207 MS.
579 4155 667 4206 Turio.
687 4156 755 4209 hanc
775 4158 970 4226 inscriptionem
992 4159 1018 4209 in
1047 4176 1129 4224 utrarg.
1156 4158 1225 4209 euhil

151 4227 178 4270 ct
205 4230 265 4287 post
286 4226 354 4283 Qum·
381 4223 440 4272 add.
462 4238 530 4287 erpo.
549 4253 581 4262 -
608 4230 630 4290 t)
650 4225 750 4277 l'ctha:
775 4229 845 4278 mede.
870 4242 934 4277 aaron.
958 4225 1016 4279 tat.
1043 4228 1131 4278 addidi
1157 4242 1190 4277 cx
1216 4225 1225 4278 l

153 4288 219 4340 'l'ur.
242 4300 309 4351 —up
330 4300 354 4341 ct
375 4307 427 4340 otu.
445 4291 502 4340 tls,
522 4290 613 4340 'serie
