2648 4928
182 292 391 384 Approbnu'o
411 292 492 411 =Ill).
517 284 926 370 ordinansttensrstbm
1035 294 1124 393 2⁸27,

99 471 175 544 ibus,
192 491 344 552 corumque
365 472 583 552 appendicibus,
607 477 696 535 suum
721 477 804 537 nobis
813 475 929 555 suerit,
953 460 999 540 en*
1011 484 1115 545 ordine

99 557 196 616 relesia
222 558 293 627 liei,
316 558 435 635 ipsaque
461 558 535 616 adeo
560 560 699 637 Eelgica,
725 562 933 623 Dardreeltuni
957 584 1114 626 conuocare
1170 552 1176 565 ⁸

99 640 149 699 tuni
167 640 348 700 Nationaiem
368 642 491 700 omnium
509 642 702 702 Ecclesiaruni
723 645 881 706 Foederati
895 648 1009 726 Bebp'is
1027 659 1115 729 utque

99 724 202 785 sasima
222 742 285 783 cum
296 721 402 801 fructu
428 735 461 784 ct
485 722 607 803 reipubl.
631 727 814 788 mnobmento
833 728 982 790 celebrari
1000 744 1112 811 posset,

99 809 148 866 ri'nc
172 808 264 886 grani
287 809 431 879 molestia,
459 809 626 886 magnisque
646 811 810 889 impensis,
826 814 869 872 ad
887 816 1005 874 eandem
1024 834 1114 895 eape-
1217 830 1220 835 ·

99 910 150 950 nus
175 900 205 950 et
231 891 488 968 impetraverimus,
510 894 669 970 complures
697 898 976 971 pruestnntissimos,
1005 897 1113 960 docus·

116 981 148 1034 et
182 972 380 1034 celeberrimos
413 974 597 1056 ltep'armatae
623 978 770 1037 Ecclesiae
800 979 957 1058 Tlcalogas
981 992 1110 1055 culmos,

99 1078 108 1115 r
122 1058 294 1136 praedictae
312 1060 426 1136 Sqnodi
442 1062 630 1119 Decretoruoi
655 1059 882 1140 subscriptione,
909 1074 978 1143 post
994 1066 1111 1143 singula

99 1143 152 1200 nae
175 1143 276 1219 Capita
297 1142 394 1201 oi’alere
415 1152 477 1213 est‚·
497 1144 641 1221 delegatis
660 1147 778 1223 insuper
797 1164 836 1204 ec
854 1148 978 1223 si‘rignbb
993 1151 1110 1225 procin-

99 1225 260 1282 deiusilein
287 1227 469 1290 directionem
496 1229 605 1287 nostris
628 1228 787 1306 deputatis,
815 1231 919 1306 quiin
947 1231 1045 1289 cadem
1073 1231 1111 1292 ab

107 1327 195 1385 nsque
217 1309 257 1367 aa
265 1308 357 1386 finem
371 1318 538 1388 praesentes
560 1321 821 1389 estrangement,
844 1321 877 1372 nt
896 1314 990 1372 omnia
1008 1313 1110 1374 ibidem

99 1409 157 1449 iore
176 1393 241 1462 liei,
264 1401 293 1450 et
313 1401 392 1452 recto
420 1393 538 1466 ordine,
569 1413 608 1453 eu
624 1396 685 1455 sola
704 1395 761 1455 llei'
776 1394 881 1468 aerbo,
910 1398 1040 1455 sincerae
1059 1417 1111 1457 no·

103 1475 256 1533 intentioni
273 1486 482 1553 congruenter,
508 1487 627 1556 possent
649 1480 851 1557 pcrtractari:
881 1478 1005 1556 Cumque
1024 1498 1111 1558 prae·

112 1557 185 1617 baec
204 1559 336 1636 Spnodus
360 1561 509 1637 singulari
532 1561 591 1620 Dei
611 1559 802 1621 benedictione
832 1570 912 1621 tanta
939 1564 1060 1622 omniurn
1081 1574 1112 1623 ct

99 1643 191 1713 orum,
212 1650 453 1701 tamecterarun
475 1662 558 1722 qnam
577 1646 773 1722 belgicorum,
800 1663 949 1716 comensis,
971 1644 1007 1704 de
1023 1664 1111 1725 prae·
1168 1692 1171 1699 .

107 1726 230 1802 quinque
250 1727 406 1786 Doctrinae
430 1726 588 1805 Capitibus,
609 1747 763 1806 earumque
780 1727 945 1789 doctoribus
960 1728 1018 1787 iam
1038 1730 1112 1788 curli-

99 1858 100 1865 ,
127 1807 270 1886 nobisque.
291 1811 427 1871 consultis
447 1821 478 1870 et
506 1810 746 1875 consentientibus
770 1821 853 1871 secto
880 1813 958 1871 Maii
978 1815 1112 1890 proxime

99 1893 160 1950 rito
182 1891 297 1952 decreta
318 1904 351 1953 et
367 1895 536 1953 sententiam
552 1895 631 1954 bisce
648 1893 783 1972 praefica
801 1895 1017 1973 promulgarit,-
1038 1898 1110 1963 Nos,

99 1977 196 2052 aptati
209 1973 331 2054 fructus
359 1998 396 2035 es
417 1996 522 2054 magno
549 1988 580 2037 et
605 1988 707 2037 sancto
733 1979 788 2037 boc
809 1997 894 2055 opere
916 1976 934 2055 (
935 1978 1020 2056 quale
1040 1998 1112 2038 nun·

108 2059 232 2116 antebac
254 2061 399 2118 Ecclesiae
411 2061 594 2138 lbesarinatae
610 2060 773 2142 viderunt,)
795 2062 836 2119 ad
845 2060 991 2120 Ecclesiae
1010 2062 1112 2121 laruas
1214 2056 1217 2060 ’

99 2160 152 2200 inin
175 2141 338 2200 redundare
359 2152 476 2219 queant,
498 2144 722 2220 quandoquidem
742 2145 818 2202 nibil
833 2144 916 2202 nabis
929 2145 1116 2220 aequccardi'

99 2244 138 2283 ac
161 2235 216 2295 est,
239 2245 321 2303 quarn
341 2226 440 2301 gloria
463 2227 644 2284 Sanctissimi
660 2227 791 2286 Nominis
808 2226 917 2295 Bibbii‘,
940 2244 1024 2304 quarn
1044 2246 1112 2286 con·
1209 2288 1213 2295 ,

99 2311 126 2367 ia
163 2318 192 2366 ct
219 2311 393 2386 propagatio
422 2325 508 2366 uerae
535 2308 719 2388 lbcsaroiatac
746 2308 927 2368 Clirtstianoe
958 2310 1113 2384 Religionis

111 2389 327 2467 snridarnenturn
349 2401 394 2451 cst
407 2392 612 2468 prosperitatis
630 2401 661 2450 et
674 2391 816 2450 vinculum
831 2392 943 2450 unionis
959 2392 1116 2450 Foederati

99 2473 131 2555 ',)
154 2494 238 2551 quain
258 2476 422 2543 concordia,
449 2475 654 2551 tranquillitas,
675 2482 704 2532 et
716 2493 780 2553 pac
799 2474 1012 2545 Ecclesiarum3
1033 2476 1111 2534 itern÷

99 2561 250 2617 mserootio
264 2568 295 2616 ct
309 2559 508 2616 cornminu‘onis
518 2558 726 2626 Ecclesiarum,
751 2575 824 2636 quae
844 2566 913 2616 sunt
924 2558 953 2615 in
968 2557 1046 2615 liisce
1066 2576 1112 2615 rc·

99 2661 156 2708 ins,
186 2662 248 2700 curn
278 2641 405 2698 omnibus
441 2642 551 2699 esteris
577 2639 750 2718 Eclormatis
780 2641 934 2711 Ecclesiis,
965 2658 983 2700 a
1010 2639 1112 2718 quibus

99 2743 213 2803 parare
232 2744 285 2782 nec
307 2724 452 2782 debuimus
470 2743 523 2781 nec
539 2727 695 2801 potuimus,
721 2722 814 2792 Visis,
838 2725 980 2800 cognitis,
1002 2733 1032 2782 et
1052 2742 1110 2782 ma-

99 2809 269 2866 examinatis
297 2817 381 2884 atque
407 2809 558 2883 saperius,
592 2807 744 2884 praedicto
776 2805 880 2864 iudicio
914 2816 945 2865 et
971 2809 1110 2865 sententio

99 2893 131 2960 'i,
160 2894 216 2948 ista
241 2891 325 2968 plene
353 2892 381 2948 in
412 2890 538 2948 omnibus
568 2889 800 2967 approbavimus,
824 2887 1061 2966 confirmavimus,
1083 2899 1113 2943 rt

99 2975 258 3048 babuimus,
286 2973 493 3050 approbamus,
523 2973 722 3051 confirmamus
750 2981 780 3031 ct
803 2981 870 3030 rata
901 2972 1035 3031 babemus
1056 2989 1113 3049 pcr

99 3068 188 3115 intes:
213 3058 345 3114 Volentcs
366 3076 401 3113 ac
416 3065 585 3126 statuentes,
606 3066 640 3114 ut
657 3055 736 3114 nulla
751 3055 811 3113 alia
832 3056 962 3114 doctrina
975 3055 1010 3111 de
1030 3056 1112 3132 quin·

101 3142 239 3199 raedictis
266 3141 421 3198 Doctrinae
449 3141 595 3216 Capitibus
621 3141 650 3198 in
681 3139 818 3197 Ecclesi'i's
842 3139 943 3197 borum
964 3138 1112 3213 regionum

99 3236 144 3281 tur
163 3233 214 3282 aul
231 3233 422 3301 propagetur,
441 3234 562 3299 praetor
582 3224 668 3291 banc,
690 3239 763 3300 quae
779 3223 929 3299 praedicto
949 3220 1054 3279 iudicio
1074 3222 1113 3279 sit

99 3310 161 3366 nnis
173 3318 259 3383 atque
279 3317 487 3373 coiiscntancas
508 3309 680 3366 Mandantes
701 3314 786 3382 atque
802 3306 972 3383 imperantes
984 3303 1112 3363 omnibus

99 3392 207 3449 iasticis
228 3391 364 3458 caetibus,
387 3392 581 3448 Ecclesiarnin
604 3389 765 3456 binnulus,
789 3390 999 3447 Sacrosanclae
1023 3388 1112 3447 Tbeo-

99 3497 102 3512 ³
143 3473 355 3552 professoribus
397 3482 427 3530 et
461 3472 649 3542 Ductoribus,
700 3467 895 3547 Collegiorum
928 3470 1110 3547 blegentibus,

101 3578 189 3633 usquc
223 3559 251 3614 in
285 3560 444 3614 senices-sura
475 3567 504 3614 ct
535 3557 676 3633 singulis,
722 3573 793 3631 quos
830 3556 901 3613 baec
934 3556 1114 3631 aliquatenus

99 3660 180 3698 ”nere
206 3649 311 3717 queant
349 3650 400 3697 aut
429 3641 592 3714 attingere,
624 3648 656 3697 ut
685 3640 714 3696 in
745 3656 859 3696 suornm
895 3638 1113 3696 ministeriorum

99 3726 231 3783 ictionurn
253 3725 391 3780 coercitio
415 3723 509 3779 eaden
532 3725 561 3779 in
590 3720 716 3794 omnibus
729 3719 862 3797 fideliter
887 3731 918 3779 et
941 3721 1052 3780 sincere
1067 3737 1112 3775 sc·

99 3826 153 3879 ur,
181 3808 270 3884 iisqne
292 3808 488 3864 conuenienter
515 3824 577 3860 sese
607 3813 722 3879 gerant.
767 3805 857 3881 thue
883 3803 973 3862 bonae
996 3811 1112 3860 nostras

100 3892 164 3948 i’oni'
178 3891 262 3967 plene
282 3908 316 3947 oc
334 3909 388 3966 par
400 3889 492 3946 ornni'a
510 3886 613 3963 ubique
628 3889 719 3962 possit
735 3887 882 3963 satisfieri,
904 3886 1112 3944 Denunciarnus

99 3975 237 4031 cudamus
275 3973 443 4041 Ordirn'bus,
481 3969 746 4040 Gubernatoribus,
784 3970 933 4048 Ibeputatis
961 3968 1110 4034 Ordinuni,

99 4059 191 4114 bi'urirs
212 4067 240 4113 ct
261 4057 412 4113 Ordinibus
439 4054 588 4130 Depistotis
606 4054 816 4129 prouinciarum
845 4052 978 4131 Geldriac
1008 4060 1037 4108 ct
1065 4067 1112 4105 co·

99 4160 127 4198 us
155 4126 355 4216 Zistpbarii'ae,
402 4137 586 4206 llobbandiae,
629 4147 658 4194 et
691 4134 896 4215 ll'estfrisiae,
942 4132 1110 4200 chaiidioe,

99 4225 181 4295 i'ecti,
214 4224 343 4298 brisiae,
372 4221 620 4291 Transisalauiae,
653 4221 777 4279 ciuitatis
796 4220 963 4296 Groningae
988 4225 1019 4275 et
1048 4217 1113 4275 Oai-

99 4326 191 4394 3rum,
230 4304 411 4384 omnibusque
435 4305 503 4363 aliis
529 4301 700 4381 officiariis,
732 4299 895 4373 iudicibus,
931 4310 965 4362 et
985 4299 1114 4363 lustitia·
