2648 4928
129 281 204 355 172
443 279 673 353 Gateebismus
696 280 917 351 Gen'evensis.
944 322 947 329 ·

127 553 232 618 simus,
263 565 299 607 ca
328 544 356 603 in
385 562 417 604 re
446 554 511 602 vota
538 555 635 602 nostra
662 541 699 602 ad
727 544 891 622 obsequium
917 554 983 605 tuae
1005 545 1162 611 voluntatis

126 640 253 701 mantes,
278 647 350 708 quae
371 628 432 687 sola
453 627 556 685 rationi
579 638 768 685 consentanea
789 638 843 685 est.

208 711 274 771 Tibi
302 712 390 790 igitur
414 729 513 788 preces
543 709 702 781 fundimus,
737 708 824 767 Pater
852 709 1000 782 caelestis,
1029 731 1083 790 pro
1110 708 1222 789 enak

126 796 351 876 principibus.et
369 792 594 871 magistratibus,
626 813 743 872 quorum
766 794 922 852 ministerio
944 792 978 852 ad
1002 814 1054 853 nos
1078 794 1222 1137 ⁶⁸³

128 465 197 525 bere
218 459 362 542 digneris,
393 471 425 519 ut
445 479 481 520 ex
502 460 608 520 intimis
628 457 724 519 cordis
743 434 935 539 penetralibus
956 461 1091 522 invocaro
1118 472 1150 524 te
1174 482 1222 701 q

108 878 298 961 dossuteris.
340 875 521 941 Potissimum
543 896 611 934 vero
631 897 683 955 pro
705 876 787 935 huius
808 876 886 935 urbis
907 875 1089 951 Praefectis,
1121 888 1156 938 nt
1204 880 1207 885 ’

125 962 212 1021 ritum
232 973 321 1032 tuum,
345 960 394 1038 qui
414 960 491 1018 solos
511 958 668 1019 bonusest
688 970 717 1017 et
737 978 805 1019 vere
827 960 1001 1039 principalis,
1026 960 1171 1041 impertiri

125 1056 211 1126 atque
236 1045 266 1103 in
294 1041 355 1101 dies
383 1061 489 1120 angere
516 1040 660 1120 digneris,
692 1040 764 1101 adeo
793 1053 824 1101 ut
851 1042 944 1102 lesum
960 1041 1115 1103 *Christum

123 1140 222 1200 tunm,
251 1124 404 1186 Dominum
434 1136 576 1196 nostrum,
605 1123 820 1185 Dourinatorem
842 1123 1047 1185 dominatorum
1068 1124 1117 1187 Ro
1207 1130 1212 1139 ’

123 1230 223 1290 regum
252 1228 314 1269 essc
345 1219 424 1267 certo
456 1228 620 1287 persuasum
653 1209 806 1280 habentes,
836 1207 1069 1287 quemadmodum
1097 1221 1130 1271 tu
1159 1210 1168 1225 “

122 1295 199 1354 omni
228 1303 366 1372 potestate
393 1292 420 1349 in
451 1292 531 1351 caelo
561 1301 592 1351 ct
617 1293 646 1350 in
667 1303 744 1351 terra
765 1292 923 1362 donavisti,
947 1293 986 1351 ita
1011 1305 1039 1352 et
1057 1290 1162 1374 ipsi'in
1183 1288 1215 1305 ”

122 1377 282 1458 principatu
317 1375 422 1435 cultum
456 1376 532 1434 illius
560 1385 591 1433 et
617 1377 699 1453 regni
729 1377 790 1435 eius
818 1376 1063 1456 amplificationem
1094 1378 1150 1437 sibi

122 1462 217 1521 omnia
230 1454 397 1539 proponant,
415 1478 481 1516 suos
495 1457 622 1517 subditos
639 1460 697 1537 (qui
713 1470 780 1518 sunt
793 1477 923 1517 manuum
946 1468 1056 1518 tuarum
1079 1464 1127 1540 opi
1166 1462 1175 1477 “
1199 1462 1205 1473 ”

121 1563 291 1625 pascuorum
313 1552 423 1599 tuorum
447 1543 529 1615 oves)
553 1562 604 1622 pro
626 1552 674 1600 tuo
695 1543 814 1601 arbitrio
836 1541 1044 1620 gubernantes,
1078 1554 1110 1602 ut
1138 1554 1170 1605 et

121 1638 153 1687 et
178 1627 207 1685 in
238 1626 295 1685 alia
326 1625 452 1704 qualibet
478 1625 555 1686 orbis
581 1636 720 1683 terrarum
748 1636 828 1705 parto
848 1645 918 1704 pace
939 1625 1033 1685 stabili
1054 1627 1198 1689 iruentn·

121 1730 185 1771 cum
207 1710 282 1769 omni
298 1709 483 1767 sanctimonia
497 1719 526 1768 ct
543 1710 664 1788 puritate
681 1709 816 1781 colamus,
837 1721 968 1789 metuque
983 1710 1142 1770 hostiumn

120 1814 183 1854 rum
211 1792 322 1852 liberati
353 1793 497 1851 materiam
527 1790 714 1852 celebrandae
743 1804 807 1853 tuae
829 1791 920 1852 laudis
940 1802 1000 1853 toto
1021 1793 1138 1855 vitaer
1193 1800 1196 1805 '

120 1875 432 1958 tempore'babeomus.
1191 1930 1195 1935 .

36 2020 46 2033 ,
201 1957 316 2020 Deinde
344 1959 475 2039 precibus
503 1959 606 2017 nostris
636 1958 687 2019 tibi
708 1956 952 2032 commendamus,
985 1958 1077 2019 Pater
1096 1976 1205 2033 veru,

121 2041 280 2115 Servatur,
305 2061 402 2102 omnes
423 2052 561 2122 quotquot
582 2040 711 2101 fidelibus
731 2044 787 2102 tuis
808 2054 936 2122 pastores
955 2042 1140 2115 eonstituisti,
1189 2108 1198 2117 ..

119 2126 182 2185 raim
204 2127 288 2186 etiam
310 2124 415 2185 tutelae
436 2126 544 2184 animas
566 2126 741 2198 commisisti,
766 2146 836 2204 qnos
850 2125 971 2205 deniqne
993 2126 1169 2187 sacrosancti
1189 2194 1192 2199 ,

118 2207 269 2288 Evangelii
283 2207 492 2288 dispensatores
509 2228 572 2267 esse
589 2209 721 2268 voluisti:
741 2220 772 2267 ut
782 2229 831 2268 eos
840 2219 939 2269 sancto
956 2208 1222 2289 tuoSpiriturffll

139 2312 175 2351 no
197 2292 278 2373 probi
300 2291 453 2371 fidelesque
475 2291 584 2371 gloriae
610 2303 676 2351 tuae
699 2293 820 2365 ministri
843 2293 1076 2372 comperiantur,
1099 2286 1163 2353 bro
1177 2358 1196 2375 ,Ι

118 2312 195 2436 itum
216 2380 300 2435 omne
322 2377 500 2436 conferentes
522 2386 695 2454 conatusque
715 2395 781 2434 snos
807 2374 981 2454 dirigentes,
1005 2386 1037 2434 ut
1057 2298 1222 2471 eurora

117 2477 200 2519 serae
221 2479 305 2531 oves,
336 2478 409 2538 quae
430 2457 522 2518 adbuc
543 2468 609 2517 sunt
629 2455 823 2531 errabundae,
854 2459 1058 2535 recolligantur
1078 2469 1108 2518 et
1126 2452 1222 2533 adfigi

118 2562 179 2601 sum
208 2541 351 2602 Christum
380 2541 535 2600 Dominum
564 2553 708 2614 nostrum,
732 2543 912 2621 praecipuum
934 2541 1083 2601 Pastorem
1111 2553 1142 2601 et
1167 2536 1222 2623 ψ.

8 2677 13 2688 .
117 2644 267 2705 scoporum
289 2626 470 2704 Principem,
502 2623 692 2695 reducantur,
725 2637 755 2683 ut
786 2626 814 2682 in
841 2623 901 2683 dies
929 2627 1018 2682 maius
1048 2626 1220 2693 iustitiae!

117 2710 319 2767 sanctimoniae
342 2711 543 2767 incrementum
566 2710 593 2765 in
616 2727 651 2765 co
672 2708 822 2785 accipiant.
867 2707 979 2766 Interea
1008 2719 1101 2767 autem
1131 2722 1221 2768 omn

116 2803 181 2851 tuas
201 2791 376 2851 Ecclesiase
395 2792 522 2850 lancibus
544 2791 686 2869 rapacium
711 2791 837 2869 luporum
860 2793 971 2868 cripere
991 2803 1020 2850 et
1041 2791 1077 2849 ab
1098 2786 1222 2857 omnibu}

116 2877 299 2934 merecnariis
322 2875 442 2934 liberare
465 2874 601 2952 digneris,
625 2875 672 2952 qui
694 2875 801 2949 gloriae
824 2885 929 2931 tantum
952 2886 1002 2933 aut
1024 2874 1097 2933 lucri
1118 2870 1222 2955 cupido.

116 2969 174 3017 tate
202 2957 359 3029 ducuntur,
391 2955 426 3016 dc
454 2959 495 3017 tui
525 2958 645 3017 nominis
672 2957 860 3016 illustratione
888 2959 984 3037 tuique
1011 2959 1108 3037 gregis
1136 2958 1220 3019 saith

116 3040 186 3100 nihil
208 3042 291 3120 plane
308 3042 434 3100 solliciti.

198 3123 318 3202 Insuper
342 3123 393 3185 tibi
419 3142 517 3203 preces
539 3132 649 3181 nostras
674 3122 835 3194 offerimus,
858 3121 939 3183 Deus
960 3124 1219 3183 clementissime!

115 3204 203 3265 Pater
233 3226 339 3265 strnrme
367 3206 548 3276 misericors,
579 3225 630 3284 pro
660 3206 788 3264 omnibus
819 3211 846 3265 in
870 3209 1028 3267 universum
1054 3206 1216 3279 hominibus,

114 3299 161 3355 ut,
186 3287 417 3367 quemadmodum
441 3290 525 3347 totius
548 3289 661 3347 humani
683 3292 796 3366 generis
817 3293 934 3367 agnosci
956 3293 997 3350 vis
1020 3291 1157 3350 Servatur
1173 3304 1218 3370 pet

115 3370 335 3451 redemptionem
358 3392 374 3430 u
396 3372 460 3430 lesu
483 3372 598 3430 Christo
622 3373 696 3430 Filio
719 3384 767 3431 tuo
791 3376 964 3451 praestitam,
987 3377 1027 3432 ita
1048 3376 1080 3445 ii,
1104 3375 1154 3454 qui
1174 3368 1218 3431 ad·

114 3455 170 3514 huc
192 3455 227 3513 ab
251 3457 324 3514 illius
347 3457 445 3513 notitia
468 3466 533 3513 sunt
553 3455 638 3514 alieni
666 3456 845 3534 tenebrisque
869 3459 990 3516 immersi
1012 3468 1042 3516 et
1062 3457 1098 3516 ab
1119 3454 1219 3516 erron'·

113 3537 165 3597 bus
183 3558 217 3597 ac
240 3541 397 3617 ignorantia
421 3549 552 3598 tenentur
573 3539 687 3617 captivi,
718 3541 870 3617 affulgente
891 3543 947 3599 illis
969 3551 1068 3599 sancto
1089 3537 1219 3619 11108ρὶ-

113 3622 169 3680 ritu
192 3634 296 3700 tuoque
318 3623 475 3701 Evangelio
495 3622 609 3680 auribus
637 3623 747 3680 illorum
770 3624 917 3684 insonante
940 3622 974 3682 ad
996 3635 1103 3682 rectam
1126 3620 1218 3683 salutit

112 3703 285 3765 reducantur
305 3709 396 3778 viam,
420 3725 491 3785 quae
513 3707 540 3763 in
563 3725 598 3763 co
620 3707 674 3764 sita
695 3717 738 3764 cst
759 3717 790 3763 ut
807 3728 991 3783 agnoscamus
1014 3718 1041 3766 te
1063 3707 1154 3766 solum
1173 3722 1220 3766 vt·

112 3809 173 3848 rum
197 3787 290 3849 Deum
322 3800 352 3849 et
380 3811 461 3869 quem
485 3790 584 3847 misisti
605 3789 697 3849 lesum
720 3790 874 3848 Christum.
919 3791 1064 3867 Rogamus
1086 3801 1117 3849 et
1138 3788 1218 3859 urb,

111 3893 182 3951 quos
205 3874 258 3931 iar'n
282 3876 391 3951 gratiae
414 3885 477 3932 tuac
500 3874 595 3932 lavore
618 3873 748 3951 dignatus
770 3894 800 3932 es
820 3894 993 3953 quorumque
1015 3873 1158 3933 mentibus
1173 3890 1222 3953 pet·

111 3959 301 4034 cognitionem
321 3957 399 4016 verbi
422 3958 462 4014 tui
484 3957 618 4026 illuxisti,
650 3956 774 4035 quotidie
797 3959 824 4015 in
848 3958 947 4015 melius
970 3958 1120 4036 proliciunt
1140 3956 1222 4036 spiri-

111 4042 232 4100 tualibus
256 4043 311 4100 tuis
337 4038 578 4099 benedictionibm
601 4038 698 4110 ditati,
730 4051 761 4098 ut
781 4041 863 4098 simul
885 4061 981 4099 omnes
1006 4061 1062 4098 uno
1084 4052 1114 4099 et
1136 4036 1220 4100 eorda

110 4135 140 4185 ot
161 4145 211 4185 ore
232 4137 261 4185 te
282 4123 450 4195 adoremus,
474 4121 673 4201 Christumque
696 4136 793 4194 tuum,
817 4122 969 4183 Dominum
993 4136 1140 4196 nostrum,
1164 4124 1221 4183 Ro·

109 4228 171 4287 gem
192 4220 221 4268 et
235 4208 453 4289 Legisletorem,
477 4206 586 4267 honore
607 4203 703 4266 debito
724 4226 928 4288 prosequamur
944 4227 978 4269 ac
993 4209 1067 4268 iusto
1085 4207 1222 4290 obsequio

108 4294 244 4354 colamus.
