2648 4928
99 284 175 357 170
422 226 653 356 catechismi
678 260 901 367 Generensls,

44 504 52 534 .
98 475 166 527 tuac
186 483 298 546 panem,
322 482 378 544 quo
399 463 510 524 animae
530 474 644 524 nostrae
665 464 694 523 in
715 483 792 545 spem
806 474 940 525 autumas
953 462 1030 523 vitm
1045 469 1221 603 μιωἺ

98 549 158 610 Per
178 548 270 608 lesum
292 544 437 607 Christum
458 546 611 607 Dominum
635 558 772 607 nostrum.
1187 552 1203 617 ζ

165 631 226 683 Νοιι
243 631 271 682 in
295 631 352 681 soto
370 644 437 697 puna
454 628 517 682 risit
535 629 632 697 bomo,
652 629 700 682 sod
723 629 750 682 in
769 627 842 683 omni
863 643 985 681 armona
1003 625 1076 696 qnod
1092 620 1221 695 panus*

97 713 133 753 ex
149 713 196 751 ore
212 695 274 751 Del.
293 697 385 761 (Dent.
402 698 429 762 8,
446 700 472 751 ³.
492 696 587 749 blattb.
604 698 630 763 4,
648 698 688 765 4.)

281 842 340 925 [4.]
382 845 474 909 Post
490 855 648 928 pastum
667 847 889 932 gratiarum
911 846 1022 908 ustio.
1140 819 1145 830 ¹
1203 820 1221 851 r

165 980 264 1034 Omnes
282 986 375 1058 votes
392 980 500 1034 landent
519 981 670 1047 Dominum,
690 997 782 1035 omnes
799 978 890 1050 populi
905 983 1002 1035 otnant
1017 977 1126 1032 landen
1142 972 1221 1041 Μ’

42 1100 48 1125 Ι
98 1047 168 1104 unta
186 1047 359 1116 multiplicata
375 1055 415 1099 est
432 1064 512 1117 super
528 1064 576 1101 nos
595 1049 776 1103 misericordia
792 1049 865 1116 eius,
887 1053 916 1100 et
938 1047 1036 1101 veritas
1051 1046 1139 1116 ipsius
1153 1054 1218 1121 ne,

96 1122 145 1170 nat
160 1115 188 1169 in
205 1120 350 1168 aeternnm.
383 1115 468 1183 (Psal.
486 1117 559 1184 117.)

183 1183 297 1243 Gratias
316 1184 425 1263 agimus
446 1183 527 1245 Deus
548 1205 583 1245 ac
604 1182 693 1245 Pater
712 1181 749 1243 da
770 1194 813 1243 tot
832 1182 996 1254 beneflciis,
1028 1200 1103 1263 quae

97 1264 211 1329 assidue
246 1287 297 1348 pru
334 1269 445 1327 infinita
477 1278 526 1328 tua
554 1268 730 1348 benignitate
757 1267 882 1347 largiris.
942 1266 1093 1339 Primum,
1134 1284 1155 1347 q
1217 1275 1222 1336 j

98 1352 211 1422 omnia,
234 1350 335 1430 quibus
356 1349 392 1409 ad
413 1350 604 1411 sustinendam
634 1362 809 1432 praesentem
839 1351 924 1412 vitam
952 1348 1133 1429 indigemus,
1219 1346 1222 1351 ’

98 1433 233 1495 minicula
261 1434 465 1514 suppeditando
488 1436 615 1515 corporis
643 1436 728 1495 etiam
755 1433 845 1495 nostri
865 1453 960 1494 euram
983 1444 1012 1493 to
1034 1432 1158 1493 babere.
1183 1502 1187 1511 ‚
1216 1498 1219 1507 ,

95 1528 254 1590 monstras3
280 1528 337 1577 tum
359 1536 427 1578 vero
449 1521 600 1599 praecipue
622 1516 697 1598 qnod
719 1519 748 1577 in
769 1537 847 1599 spem
871 1517 995 1577 melioris
1016 1517 1105 1588 vitae,
1186 1514 1190 1527 '

98 1600 182 1661 nobis
207 1620 290 1660 sacro
312 1611 360 1660 tuo
376 1600 534 1680 Evangelio
556 1602 700 1675 revelasti,
725 1622 777 1662 nos
800 1602 950 1680 mgignere
966 1598 1111 1678 diguatus.

99 1704 155 1766 que
182 1703 313 1756 oramus,
348 1704 383 1743 nc
410 1696 519 1745 mentes
552 1697 663 1745 nostras
693 1686 722 1744 in
751 1684 917 1766 corporibus
938 1684 1063 1763 sepultas
1084 1680 1161 1743 curis

99 1768 318 1848 cogitationibus
340 1770 462 1827 terrenis
482 1768 559 1847 affigi
578 1769 706 1849 patiaris.
751 1768 828 1842 Quin
849 1768 942 1849 potius
963 1765 1065 1840 cilice,
1096 1776 1128 1827 ut

97 1870 160 1911 sum
181 1852 271 1911 erecti
311 1862 449 1911 enatemus
477 1851 504 1911 in
527 1853 723 1932 expectatione
750 1850 859 1912 Christi
887 1850 956 1910 Filii
983 1852 1045 1921 tui,
1075 1846 1164 1913 doute

96 1934 229 1995 casluin
251 1872 473 2016 redemptionem
495 1935 671 2016 salutemque
691 1947 816 1996 nostram
839 1944 989 2016 appareat,
1012 1931 1119 1994 Amen.
1218 1950 1222 1957 ·

284 2121 343 2201 [5.]
389 2122 457 2186 Sol
478 2131 618 2203 nostem,
643 2145 740 2208 psum
759 2128 825 2188 itur
842 2125 1021 2188 «immitunt.

178 2257 303 2321 Domine
323 2257 423 2334 Deus,
454 2263 504 2342 qul
533 2272 644 2322 noctem
674 2260 821 2322 destinasti
847 2260 969 2320 bominis
1000 2258 1125 2339 quieti„
1143 2260 1146 2265 ’
1166 2248 1176 2259 ”
1204 2250 1223 2295 Ῑ’·”

96 2339 171 2403 diem
190 2343 313 2417 creasti,
333 2344 363 2403 in
384 2363 441 2425 quo
462 2363 493 2404 se
514 2344 658 2404 laboribus
679 2356 831 2406 exerceat:
854 2343 952 2417 effice,
974 2356 1093 2422 quaeso,
1114 2348 1147 2401 ut

117 2426 226 2487 niescat
245 2426 298 2487 bac
320 2438 404 2487 nocte
424 2447 527 2508 corpus
555 2448 666 2500 meum,
698 2448 733 2489 nc
755 2429 865 2488 animus
887 2429 996 2487 interea
1015 2424 1137 2503 vigilare

93 2446 227 2583 desinat,
251 2527 304 2570 nec
328 2510 440 2570 fatiscat
462 2530 513 2570 cor
533 2523 582 2571 ant
603 2523 717 2592 torpore
739 2512 893 2583 obruatur,
918 2512 984 2589 quin
1007 2527 1120 2587 sempor
1143 2516 1223 2567 uos

11 2664 16 2673 Ι
96 2604 172 2654 dum
188 2595 217 2653 in
233 2613 328 2654 aurore
350 2595 390 2653 tui
413 2606 529 2674 perstet.
574 2596 617 2655 lta
638 2594 751 2655 laxandi
773 2592 992 2672 sublevandique
1014 2593 1099 2651 animi
1117 2586 1223 2669 grath·

95 2674 302 2737 sollicitudines
332 2675 487 2757 deponam,
521 2698 555 2737 ne
584 2680 625 2737 tui
657 2681 766 2736 interca
795 2677 964 2748 obliviscar,
996 2687 1044 2734 aut
1075 2670 1203 2739 maneth

96 2779 159 2821 mea
180 2759 312 2834 excidat,
345 2781 417 2840 quae
439 2762 550 2840 penitus
571 2762 657 2820 menti
681 2781 759 2820 nicae
792 2761 940 2819 inhaerere
972 2778 1084 2838 semper
1112 2754 1199 2829 debut,

95 2843 293 2917 bonitatieet
320 2845 429 2922 gratiae
459 2855 524 2903 tuae
553 2844 725 2904 recordatio.
777 2843 842 2903 Hoc
873 2863 984 2922 quoquc
1014 2840 1097 2900 modo
1125 2834 1201 2899 sicuti

116 2929 218 2987 uiescit
243 2947 364 3007 corpus,
398 2929 438 2986 ita
469 2929 554 2987 etiam
587 2949 637 2986 sna
666 2930 760 3006 quieto
790 2929 963 2986 conscientia
994 2945 1055 2984 mea
1086 2925 1199 2983 fruatuu

96 2946 158 3071 lac
179 3022 328 3090 praeterea
359 3030 394 3070 ne
424 3012 452 3070 in
478 3010 615 3090 capiendo
645 3031 742 3069 somno
773 3012 867 3070 carnis
892 3010 1003 3069 deliciis
1034 3007 1199 3086 indulgeam,

96 3091 147 3152 sed
176 3103 282 3152 tantum
312 3094 380 3151 milri
410 3091 583 3165 concedam,
615 3106 747 3172 quantum
783 3106 900 3153 naturae
926 3095 1008 3152 buius
1030 3090 1201 3151 imbecillitn

95 3176 231 3256 postulat,
254 3196 310 3254 quo
333 3175 434 3235 deinde
456 3174 491 3235 ad
514 3187 541 3235 te
563 3176 710 3235 colendum
734 3179 785 3236 sim
806 3177 974 3258 expeditior.
1018 3170 1215 3255 Deniquosit.

95 3269 203 3319 astum
227 3279 271 3319 mc
293 3269 323 3318 et
343 3261 537 3338 impollutum,
562 3281 618 3319 non
640 3263 733 3319 animo
757 3264 847 3320 minus
871 3282 953 3340 qnam
977 3278 1117 3339 corpore,
1140 3266 1203 3317 eta

96 3342 231 3423 periculis
260 3343 388 3401 omnibus
418 3355 506 3401 tutum
536 3363 649 3403 servare
686 3346 771 3415 velis,
807 3356 837 3403 ut
866 3347 926 3425 ipse
956 3363 1067 3422 quaque
1094 3354 1202 3400 somnus

96 3445 175 3486 meus
199 3427 226 3484 in
250 3428 370 3487 nominis
392 3428 433 3486 tui
455 3428 574 3504 gloriam
597 3427 690 3486 cedat.
735 3430 875 3501 Quoniam
902 3448 970 3487 vero
992 3425 1052 3485 dies
1077 3427 1123 3485 hic
1149 3422 1201 3482 cla·

96 3528 165 3589 psus
187 3509 255 3568 mibi
278 3531 333 3569 non
356 3521 420 3580 cst,
452 3512 518 3589 quin
542 3511 669 3589 pluribus
697 3521 725 3569 tc
755 3509 863 3584 modis,
887 3532 941 3591 qua
964 3530 1024 3569 sum
1055 3511 1084 3568 in
1106 3506 1201 3568 melu!

96 3594 302 3672 propensione,
334 3592 518 3666 oilenderim3
546 3596 620 3653 sicut
647 3594 770 3654 tenebris
793 3596 883 3654 noctis
905 3596 997 3652 omnia
1026 3610 1101 3651 nune
1130 3589 1203 3651 obto-

95 3686 220 3755 guntur,
244 3678 301 3746 ita,
325 3674 458 3756 quicquid
481 3679 572 3737 estin
594 3697 638 3737 me
660 3689 851 3758 pcccatorum,
876 3674 1070 3737 misericordia
1092 3686 1142 3734 tua
1161 3689 1201 3733 se-

95 3758 204 3840 pultum
226 3759 323 3819 lateat.
368 3759 480 3819 Exaudi
503 3780 546 3820 me
568 3761 665 3836 Dens,
699 3760 788 3822 Pater
808 3774 837 3823 et
859 3761 1013 3834 Sem'ator,
1041 3779 1094 3840 per
1114 3756 1202 3819 lun·

97 3840 244 3903 Christum
266 3842 369 3903 Filium
393 3855 486 3917 tuum,
507 3846 612 3905 Anien.

95 4042 158 4141 [b]
210 4038 413 4116 PREGUM
430 4040 933 4119 EGGLESIASTICARUM
950 4037 1205 4116 FORMULd.

177 4196 283 4258 Diebus
315 4196 427 4276 qut'dem
452 4193 592 4276 praejectis
620 4202 754 4259 ,llinibter
785 4200 920 4278 populum
948 4197 988 4255 ud
1014 4197 1205 4275 procuditur,

96 4281 198 4365 quillus
218 4283 249 4341 ei
265 4283 354 4343 abunt
368 4278 466 4363 fuerit
487 4282 600 4356 nerlu,
624 4284 816 4355 adhortatur,
842 4301 923 4343 suom
946 4283 1079 4342 semirasi
1100 4281 1208 4340 eebor·
