2648 4928
205 298 221 313 “
282 334 285 341 -
362 293 616 364 Amamassos
640 297 816 387 praelatio.
1072 299 1149 379 615

99 483 199 554 repat,
219 474 253 535 id
264 475 326 535 stne
336 483 514 554 respectuet
525 474 652 556 affeetu,
674 478 705 536 in
715 479 822 538 nulbus
839 477 961 538 bominis
978 481 1143 555 melodium,

99 561 224 637 panant
241 559 437 651 repudiamus.
485 562 628 638 Quicquid
636 569 730 618 autem
742 562 809 619 buia
824 555 975 642 ἀνάλογον
988 572 1047 637 est,
1070 570 1144 628 reei-

99 662 143 715 us,
164 660 303 702 memores
316 643 514 702 severissimae
528 642 730 721 obligationis.-
751 646 786 704 In
802 649 970 725 praeceptis
990 650 1061 707 ineis
1082 668 1143 711 aoi-

101 735 148 797 ts‚
181 728 228 786 Ne
246 726 318 806 quid
340 728 389 787 cel
410 726 576 796 addideris,
605 727 654 786 ael
676 727 809 785 demeris.
857 730 941 788 Hune
961 730 1061 791 audite
1082 734 1156 801 ete'.¹
1215 740 1221 747 ’

99 810 153 881 tic,
172 820 206 869 ut
223 810 261 869 ab
278 810 406 868 omnibus
423 811 612 887 corrupteb's,
634 819 665 868 et
669 804 871 888 anaticorum
885 810 1064 888 opinionibus
1079 823 1140 874 toto

99 911 146 953 nrs
162 892 367 952 abhorremus.-
388 894 438 953 Sic
454 892 543 951 oboi'is
563 894 639 952 ulnis
659 894 857 971 amplexamur
875 894 1144 976 ortbodonaefidei

99 976 249 1037 manaem
268 977 299 1036 in
310 976 446 1053 symbolis
461 977 601 1054 receptis,
623 977 808 1054 Apostolieo,
829 977 938 1036 llieeno
962 988 992 1037 et
1004 981 1139 1041 Athana·

99 1078 132 1131 o,
144 1061 230 1138 inque
246 1060 369 1120 decretis
386 1060 587 1130 Consiliorum,
603 1059 780 1119 Antioebeni
789 1069 891 1119 contra
908 1056 1155 1136 Samosatenum,'

99 1144 138 1203 ui
168 1152 271 1203 contra
298 1145 428 1214 Arium,
465 1142 775 1220 Constantinopolitani
797 1153 900 1202 eontra
928 1145 1136 1224 Macedonium,

99 1226 170 1285 isi'iii
178 1236 280 1285 contra
296 1227 471 1295 Nestorium,
500 1226 851 1286 Chalcedonensiscontra
863 1227 1031 1303 Eutychen,
1054 1224 1137 1289 etsi-
1218 1222 1221 1226 “

99 1327 247 1451 nandans
262 1309 381 1386 pubb'co
405 1310 553 1370 Ecclesiae
577 1310 692 1369 calculo
714 1318 782 1369 sunt
802 1309 992 1389 approbata,
1010 1313 1136 1375 dilucide

99 1410 145 1451 ire
179 1411 272 1453 mom.
729 1416 732 1429 ·

115 1477 212 1538 Tertio
231 1477 397 1536 nominationi
419 1474 627 1536 'subscribimus
649 1472 841 1554 Confessisni,
876 1477 1060 1538 ibioi'ctissimo
1078 1481 1134 1541 tn-

99 1561 162 1619 'tori
177 1561 283 1620 &solo
305 1562 340 1618 V.
367 1561 491 1619 Caesari
505 1565 661 1638 Augusto,
692 1561 723 1620 in
743 1561 865 1620 minitas
880 1563 1039 1639 Augustae
1058 1544 1157 1641 anno'

99 1642 141 1703 ¹'sti
156 1645 200 1703 bi.
220 1645 259 1705 il.
284 1644 380 1702 XXX.
404 1642 565 1714 esebi'bitac,
596 1652 631 1702 ut
648 1643 782 1704 oidelieet
799 1662 877 1703 anrio
896 1646 1044 1723 sequenti,
1075 1662 1155 1706 uiis*

106 1727 254 1805 Apologia
274 1726 463 1803 Witebergae
490 1729 530 1786 in>
549 1728 640 1786 lucem
665 1735 709 1786 est
735 1727 834 1787 edita:
863 1737 951 1806 utque
969 1728 1060 1807 paulo
1081 1747 1136 1787 ea·

99 1811 162 1870 itisr
175 1819 280 1889 postea
300 1827 374 1869 anno
395 1812 459 1870 XL.
481 1812 607 1869 iteratas
634 1818 667 1869 et
691 1809 812 1888 denique
835 1811 953 1888 publico
974 1812 1135 1871 Saaom'ea·

110 1893 306 1957 Ecclesiamm
326 1894 439 1952 nomine
459 1892 538 1952 anno'
553 1895 604 1953 LI.
627 1903 662 1952 ut
673 1893 790 1971 Sqnado
811 1890 996 1955 wiennae
1013 1895 1134 1956 salsbe-

99 1975 395 2141 crabim
410 1972 540 2137 bill
553 1977 773 2119 illibi?
798 1977 1135 2122 ‘mn‘

99 2140 198 2222 lemque
219 2142 426 2222 consessionem
456 2079 622 2202 nosbrbrum
646 2078 842 2203 asennbbon
873 2102 958 2203 totibs
982 2105 1131 2217 itmatam:

99 2226 175 2293 titas·
193 2235 226 2286 et
243 2227 418 2287 illustratam
436 2246 517 2296 esse,
546 2227 654 2287 diserte
672 2223 858 2302 qfflrmsmus.
904 2227 994 2303 (luam
1011 2237 1042 2287 et
1060 2228 1133 2288 Illu-

99 2311 329 2381 nitidissimos,
352 2329 389 2369 ac
400 2311 558 2388 hmeipes,
580 2326 656 2368 enno
668 2310 747 2369 LXI.
768 2307 956 2387 Nianburgas
971 2327 1025 2369 sua
1045 2328 1131 2372 manu

99 2392 226 2473 ήκω,
250 2412 309 2454 non
334 2401 448 2452 'tantum
474 2394 606 2453 unanimi
628 2410 785 2464 consensu,
815 2402 951 2470 tanquam
962 2390 1045 2471 fidei
1058 2411 1131 2454 suae

99 2472 187 2537 uis·
206 2475 420 2557 approbarunt,
440 2496 537 2535 oerum
557 2476 643 2534 etiam
668 2476 828 2535 Caesareae
847 2476 1001 2536 ttm‘esun’
1011 2474 1130 2554 publico

99 2563 243 2621 micanum
263 2562 374 2619 nomiae
395 2561 486 2618 denuo
503 2558 691 2619 exhibendam
707 2557 905 2635 ablegarunt.-
924 2559 966 2619 El
986 2559 1016 2618 in
1039 2562 1130 2621 antiti-

99 2646 223 2721 tynodis,
246 2665 281 2703 aa
292 2645 450 2721 colloquiis,
471 2645 600 2702 Maiores
618 2652 704 2720 atque
722 2644 931 2720 Praeceptores
947 2643 1059 2714 nostri,
1074 2645 1130 2704 ad·

99 2744 124 2786 is
140 2728 302 2808 Pontffieios
322 2737 489 2786 constanter
509 2724 638 2805 professi
661 2733 751 2797 sinit,
784 2740 827 2784 nc'
844 2727 894 2802 pie
919 2721 1127 2802 defenderunt.-
1244 2771 1247 2780 .

100 2811 132 2871 tic
150 2830 238 2892 usque
263 2814 293 2870 in
317 2813 437 2869 omnium
459 2811 588 2868 manibus
606 2808 721 2887 pitbb'ee
740 2827 778 2866 ac
793 2809 951 2887 privatim,
973 2811 1051 2868 Deus
1071 2812 1130 2870 ele·

99 2901 134 2953 lar
149 2896 336 2955 conseruauit.
379 2897 441 2954 Nec
458 2896 554 2971 potuit
574 2893 647 2951 baec
668 2893 732 2969 ipsa
753 2890 949 2970 consessionis
970 2893 1075 2952 Carolo
1089 2896 1125 2952 t'.

99 2976 116 3035 i
128 2979 271 3039 exhibitae
291 2979 339 3038 vel
352 2979 486 3048 iteratio,
516 2977 562 3035 ool
578 2975 728 3053 repetitio,
759 2971 928 3051 inscelere
945 2973 1184 3053 paebieat'io-‘“¹

99 3062 278 3122 Passaoiensis
298 3081 354 3121 non
376 3061 668 3139 comprehendissem
689 3067 747 3117 tum
761 3059 897 3139 temporis
910 3058 974 3118 sola
985 3060 1057 3141 jere
1076 3077 1128 3118 es·
1215 3078 1217 3082 ’

99 3152 118 3215 l,
138 3149 214 3206 etin
238 3148 359 3205 omnium
378 3145 508 3203 manibus
526 3151 703 3203 versaretur.
861 3215 866 3223 Ι

108 3231 213 3306 buiris
231 3239 321 3306 grata
337 3238 428 3288 mente
447 3227 638 3306 approbamus
657 3224 838 3284 ortbodocae
851 3223 933 3302 fidei
948 3244 1125 3297 consensum,

99 3314 154 3372 ulis
172 3313 404 3372 Sebmalealdicis
423 3331 497 3370 anno
517 3312 669 3372 XXXVII.
690 3311 859 3388 repetitum,
883 3318 912 3368 et
939 3311 1071 3388 inprimis
1092 3311 1127 3370 li·

99 3397 323 3456 sCateebetioos
344 3397 483 3467 Liitberi,
516 3413 579 3453 cum
603 3391 704 3471 quibus
727 3393 863 3471 Corporis
890 3391 1038 3454 aaetrmae
1058 3392 1127 3454 Pte·-

110 3481 302 3540 Melantlioais
326 3481 448 3538 diuinum
468 3498 538 3555 opus
558 3479 600 3536 ita
619 3477 769 3554 congruit,
792 3485 825 3535 ut
845 3479 931 3555 quasi
938 3477 1049 3559 florum
1061 3497 1127 3537 oen

99 3565 276 3641 ideeerpat,
313 3573 344 3622 et
370 3562 522 3621 medullam
544 3570 721 3639 repurgatas
742 3577 798 3639 per
818 3560 974 3619 Lutberum
992 3560 1073 3640 fidei
1092 3562 1128 3621 il·

99 3648 109 3704 i
131 3647 263 3707 metbodo
288 3655 452 3725 proponat,
483 3647 569 3722 inque
597 3662 768 3703 communem
792 3645 913 3703 omnium
935 3645 1127 3723 cuiuscunque

99 3749 120 3789 is
146 3750 228 3790 usum
258 3728 389 3789 mirabili
411 3730 613 3808 simplicitate,
651 3738 682 3787 et
699 3726 889 3797 ‚macerrima
918 3728 1128 3808 perspicuitate

99 3824 191 3872 ierat.

99 3811 180 3956 bnter
206 3908 321 3958 caetera
348 3898 470 3977 denique
498 3895 653 3975 beneficia,
694 3893 797 3973 quibus
817 3892 931 3976 affatim
951 3897 1030 3956 Deus
1048 3894 1128 3972 Opti·

99 3982 247 4041 biasimus
273 3983 410 4059 inelqtum
439 3983 574 4041 ducatum
599 3978 788 4039 Anbaltinum
811 3979 983 4049 cumulavit,
1018 3994 1128 4054 nequa·

99 4067 235 4124 isilentio
257 4068 497 4142 praetereundum
515 4064 731 4132 esistimamus,
763 4061 838 4138 quod
867 4080 906 4119 ee
934 4060 1126 4119 illustrissima

99 4151 212 4207 nicrum
226 4148 365 4229 familia,
389 4148 613 4209 laudatissimum
634 4147 691 4204 iam
712 4145 779 4202 olim
799 4144 957 4223 Principem
974 4143 1127 4219 Georgium

99 4249 117 4291 n
136 4232 190 4291 sub
210 4235 389 4293 renascentis
401 4231 555 4308 Evangelii
570 4245 681 4288 aurora
701 4227 856 4298 excitavit,
877 4227 1008 4307 ueritatis
1025 4242 1128 4304 repur-

99 4334 110 4376 c
132 4325 252 4392 testeos,
274 4326 445 4380 assertorem
466 4325 496 4376 st
513 4313 681 4378 Aansu‘tem
692 4354 704 4388 ,
733 4311 895 4393 ingeniique
914 4307 1056 4381 ubertate,
1068 4327 1072 4334 ·
1084 4308 1128 4368 ia·
