2648 4928
194 316 272 393 268
528 316 724 390 cousensus
749 317 971 388 Gencveusis

194 520 244 562 sus
261 512 326 573 est,
346 498 459 561 occuito
476 499 549 557 ratio
563 516 628 559 esse
641 509 753 578 potest,
782 498 885 557 iniusta
901 516 957 557 non
974 504 1078 577 potest.
1111 492 1182 555 ttae
1195 492 1307 575 quita·

194 586 303 665 absque
324 583 520 643 controuersia
543 580 714 642 tenendum:
743 601 856 658 semper
877 582 917 639 itti
938 590 1084 661 peccatum
1109 577 1178 638 odio
1205 580 1316 639 inisset·

192 668 269 729 Nam
289 686 359 727 vere
383 668 505 745 etogium
528 664 600 737 boc,
630 684 686 744 quo
703 676 821 725 ornatur
845 684 861 723 a
886 664 1012 735 Doride,
1035 661 1130 743 (Psoi.
1149 666 1192 734 5,
1208 663 1306 740 Μὴ

193 771 258 811 eum
279 752 429 830 competit:
453 746 538 822 Quod
559 747 640 808 Deos
661 750 698 807 sit
716 750 890 828 iniquitatem
909 768 965 807 noo
988 747 1097 807 votens.
1143 746 1241 821 Quom
1259 764 1305 825 pe·

193 836 251 893 tius
271 836 302 894 in
323 831 479 894 ordinando
501 831 621 891 bominis
643 833 723 912 lapsu
752 834 834 892 finem
857 832 954 890 habuit
974 830 1108 910 optinum
1128 838 1163 889 et
1183 830 1304 891 rectissi-

193 936 282 992 mnm,
304 936 390 997 sqno
404 916 539 975 abhorret
553 918 662 995 peccati
679 935 792 976 nomen.
820 914 988 994 Quanquam
1003 915 1045 973 sic
1063 910 1215 974 ordinasse
1230 911 1300 987 dico,

192 1011 224 1061 nt
244 1019 308 1060 eum
330 1001 444 1079 proprie
466 1010 610 1058 auctorem
629 1000 718 1059 inisse
739 1019 794 1058 non
811 998 976 1058 concedam.
1003 998 1049 1057 Ac
1061 1016 1099 1057 ne
1113 996 1301 1077 longiorsin,

192 1085 306 1165 penitus
327 1082 402 1164 quod
415 1083 592 1161 Augustinus
615 1081 715 1155 docet,
740 1082 849 1163 (Ench.
875 1081 910 1142 ad
931 1081 1019 1141 Lanr.
1043 1088 1188 1160 capitii.)
1210 1080 1299 1161 inpie·

193 1178 251 1227 tum
273 1168 362 1227 inisse
384 1168 498 1225 sentio:
528 1176 558 1224 nt
581 1166 652 1225 miro
673 1176 703 1225 ct
724 1167 858 1225 ineffabili
889 1164 970 1224 modo
992 1185 1047 1225 non
1077 1165 1165 1223 inerit
1193 1174 1303 1245 praeter

192 1254 256 1311 eius
274 1250 445 1311 voluntatem
469 1250 591 1321 iactum,
614 1248 688 1329 quod
710 1251 794 1308 etiam
810 1259 908 1309 contra
930 1251 993 1308 cius
1011 1248 1184 1307 voluntatem
1204 1250 1299 1309 tamn

192 1344 254 1406 ost,
276 1335 341 1413 quia
364 1353 419 1392 non
442 1333 524 1392 deret
545 1333 570 1391 si
592 1354 647 1392 non
671 1334 790 1391 sineret.
821 1332 887 1392 Nec
908 1334 1006 1411 utique
1027 1332 1128 1390 nolens
1146 1332 1234 1404 sinit,
1253 1326 1298 1391 ssd

192 1418 304 1477 veiens.
347 1417 458 1493 Negari
484 1416 580 1489 eninr,
607 1415 681 1495 quod
709 1418 766 1476 ittic
795 1418 961 1497 principium
989 1417 1092 1489 sumit,
1121 1434 1178 1474 non
1199 1424 1293 1495 potest.

191 1500 264 1561 Tam
285 1499 426 1559 bominem
448 1518 528 1577 quam
551 1497 679 1579 Angelos
700 1511 862 1579 apostatas,
886 1510 1018 1579 quamum
1041 1497 1076 1557 ad
1097 1499 1177 1577 ipsos
1193 1499 1292 1571 attinet,

193 1580 268 1664 quod
287 1580 369 1642 Deus
390 1582 497 1654 notuit,
526 1584 650 1657 iecisse3
682 1594 812 1663 quantum
836 1603 905 1642 vero
925 1581 961 1641 ad
982 1582 1039 1641 Dei
1060 1582 1290 1660 omnipotent'u.

192 1666 270 1727 nulio
292 1665 376 1726 modo
395 1666 508 1725 efficere
527 1664 556 1724 id
576 1668 711 1726 valuisse.
755 1666 836 1745 Ergo
865 1668 955 1725 sancti
981 1667 1035 1726 viri
1058 1667 1219 1725 sententiae
1237 1662 1290 1723 sni·

193 1749 304 1810 sember
337 1751 380 1809 sic
408 1747 554 1828 peccando
579 1751 684 1810 fecisse
705 1748 780 1831 qnod
811 1750 925 1809 noiebat
946 1748 1045 1820 Dens,
1073 1758 1105 1807 nt
1152 1766 1187 1808 cr
1206 1748 1288 1809 ιιιιΙιι

192 1852 290 1893 eorum
311 1834 483 1892 voluntatem
507 1833 616 1891 iaceret
636 1832 717 1893 Deus
734 1832 808 1913 quod
830 1833 956 1896 volebat.
993 1832 1109 1911 Siquis
1154 1850 1190 1891 oc
1205 1828 1288 1893 tnui'!

192 1936 263 1977 suae
284 1927 368 1995 coptu
389 1916 520 1995 superius
548 1935 614 1975 esse
635 1917 777 1995 excipiat,
812 1915 886 1976 idem
912 1928 941 1976 et
966 1914 1003 1975 de
1032 1935 1077 1974 ms
1099 1915 1204 1978 fateor.
1242 1908 1287 1975 Sti

192 1998 260 2081 qnid
283 2000 401 2071 mirum,
431 2000 456 2058 si
481 1998 620 2058 modulum
647 2010 774 2059 nostrum
797 2001 933 2059 immensa
964 2011 993 2059 et
1014 1994 1286 2077 incompacti-dtr!

192 2082 250 2145 Dci
272 2084 406 2143 maiestas
427 2082 604 2161 exsuperet?
645 2083 732 2163 Atqui
759 2094 865 2142 tantum
887 2083 986 2153 abest,
1016 2095 1046 2140 nt
1066 2102 1118 2161 pro
1146 2082 1235 2143 carnis
1252 2098 1285 2139 ιι·

194 2170 271 2227 tione
289 2165 485 2246 explicandum
502 2168 654 2248 suscipiam
670 2167 789 2227 sublimo
812 2166 886 2226 istud
901 2165 1077 2226 reconditum
1092 2186 1235 2237 arcannm,
1252 2170 1284 2233 1,
1313 2170 1320 2199 ⁵

194 2248 268 2332 qnod
289 2250 370 2311 initio
384 2250 527 2330 praefatus
547 2271 621 2323 sum,
644 2250 759 2311 assidue
775 2253 803 2311 in
826 2252 989 2310 memoriam
1012 2248 1109 2309 redire
1130 2251 1222 2321 veiim,
1238 2244 1284 2307 die

194 2336 291 2415 sipcro
316 2336 363 2413 qui
391 2334 453 2413 pius
481 2334 556 2394 scire
585 2346 737 2414 appetunt,
770 2344 852 2414 quarn
874 2334 955 2394 Deus
984 2334 1167 2393 revelaverit.
1208 2330 1285 2407 Qm

194 2438 247 2477 nos
269 2420 361 2497 potius
384 2415 465 2476 docto
488 2417 649 2495 ignorantia
674 2418 815 2490 delectet,
847 2437 928 2497 quarn
956 2417 1150 2496 intemperans
1177 2427 1207 2477 ct
1222 2412 1287 2475 sitit

194 2500 323 2570 sciendi,
346 2502 490 2581 piusquam
512 2501 593 2561 Deus
612 2503 765 2581 permittit,
792 2502 959 2560 curiositas:
991 2500 1235 2559 sartacionum
1251 2514 1286 2555 rt·

194 2586 324 2645 verentia
345 2605 376 2643 se
391 2604 489 2643 omnes
511 2606 612 2645 sensus
634 2587 720 2646 animi
736 2588 916 2655 contineant,
938 2585 1007 2643 nihil
1022 2585 1114 2643 tteun
1136 2585 1165 2643 io
1187 2580 1286 2643 hnmioit

196 2680 314 2748 peccato
335 2670 477 2738 coluisse,
501 2671 554 2727 nisi
579 2669 650 2748 quod
674 2690 722 2727 sua
747 2670 853 2728 institia
876 2668 990 2746 dignum
1014 2678 1087 2726 crat.

275 2753 463 2830 Prosequitur
483 2752 621 2830 Pighius,
642 2754 674 2812 Si
699 2752 754 2812 Dei
776 2773 845 2831 opus
867 2765 910 2811 est
930 2753 1049 2810 hominis
1072 2750 1230 2829 apostasia,
1249 2742 1286 2804 iti·

194 2856 254 2895 sum
275 2855 340 2896 esse
362 2833 434 2913 tqtrcrd
458 2834 604 2915 Scriptura
629 2837 731 2911 tradit,
757 2838 879 2906 (turnis,
910 2856 981 2914 aptae
1009 2837 1075 2894 iacit
1103 2835 1199 2904 dicus,
1231 2831 1287 2889 bots

193 2938 270 2979 esse.
314 2920 402 2997 Atqui
430 2930 459 2976 ct
481 2932 578 2977 sancte
605 2922 703 2979 testari
730 2932 758 2978 et
780 2922 901 2997 ingenue
923 2922 1048 2998 proiiteri
1078 2938 1209 2997 possum,
1237 2910 1288 2971 miii

193 3015 380 3062 commentum
402 3000 477 3060 istud
500 3022 637 3079 utinquam
663 3005 776 3061 venisse
799 3005 825 3060 iu
849 3015 982 3062 rrrcutem.
1027 3002 1165 3061 Naturam
1186 2994 1289 3059 hominis

194 3085 258 3145 idco
272 3097 376 3145 rectum
393 3086 483 3162 primo
499 3085 638 3143 conditam
661 3087 748 3144 inisse
768 3086 870 3164 ubique
884 3108 997 3157 assero,
1019 3107 1054 3145 ue
1070 3086 1204 3165 pravitas,
1224 3094 1289 3160 qna!

194 3170 249 3229 siti
275 3168 433 3228 desectione
463 3170 619 3239 contraxit,
650 3169 713 3227 Deo
742 3172 829 3247 possit
859 3169 999 3229 adscribi:
1034 3181 1172 3242 mortem,
1205 3168 1247 3228 cni
1267 3178 1291 3219 st

193 3254 363 3331 manciparit
383 3251 430 3327 qui
454 3261 519 3309 ante
542 3272 657 3331 compos
678 3254 753 3311 ritae
774 3264 852 3323 erat,
878 3256 919 3311 sic
938 3255 1092 3332 proiectam
1108 3272 1176 3311 csse
1193 3253 1227 3312 ab
1243 3248 1292 3307 etas

193 3337 295 3416 culpa,
322 3355 358 3394 ne
376 3333 457 3391 treus
483 3346 583 3393 atrctor
603 3348 764 3395 censeatur.
811 3338 841 3396 Si
868 3357 985 3416 unquam
1006 3336 1091 3395 divini
1120 3336 1241 3416 Spiritus
1258 3332 1292 3389 it·

194 3422 298 3479 stinctu
320 3420 424 3477 factum
447 3436 512 3476 esse
534 3417 688 3490 dixissem,
711 3431 741 3477 ut
763 3438 793 3477 se
817 3420 908 3479 alico
927 3424 1033 3499 primus
1053 3421 1136 3478 homo
1159 3422 1291 3480 alienaret·

196 3521 229 3563 se
255 3524 308 3562 non
332 3503 423 3580 potius
446 3501 549 3580 ubique
578 3502 778 3561 contenderem
808 3504 909 3562 ‹tiatott
934 3506 1127 3583 instigatione,
1147 3515 1175 3563 et
1196 3496 1294 3582 propri·

195 3584 290 3647 cordis
315 3587 357 3644 sui
380 3596 454 3642 marm
478 3586 643 3664 impulsum,
679 3588 781 3645 merito
806 3590 878 3647 iorte
907 3590 1055 3648 insultaret
1082 3586 1149 3645 mihi
1172 3586 1293 3665 Pighius:

194 3689 269 3729 nnnc
292 3680 401 3739 autem,
430 3689 511 3744 quum
535 3690 550 3727 a
575 3671 638 3729 lieo
665 3672 847 3750 propinquam
877 3674 996 3730 actionis
1018 3692 1130 3731 causum
1161 3680 1296 3730 remoueri

196 3754 278 3813 simul
293 3773 402 3812 oruucm
426 3752 461 3810 ab
483 3773 517 3811 co
539 3756 646 3832 cuipam
667 3775 837 3827 removeam,
861 3767 889 3814 ut
913 3758 989 3814 sotus
1009 3757 1091 3814 horno
1113 3768 1222 3815 reatum
1243 3748 1297 3811 sttdr

195 3850 263 3909 eat,
284 3839 454 3897 calumniose
474 3834 651 3916 ct'i‘mprobo
673 3839 777 3898 dictum
799 3839 872 3898 istud
896 3841 923 3897 in
947 3860 990 3898 me
1015 3850 1147 3918 torquet:
1179 3832 1298 3898 ttomtat

195 3918 383 3983 deiectionem
414 3942 497 3979 nuum
527 3940 592 3979 esse
621 3944 656 3981 cx
684 3923 739 3981 ttci
764 3924 907 4001 operibus.
953 3924 1102 3997 Qtrotuudu
1133 3934 1225 3981 autem
1254 3912 1297 3978 tto

194 4007 380 4084 praescientia
403 4018 433 4065 ct
453 4004 568 4064 decreto
595 4016 726 4065 statutum
756 4009 856 4073 irrcrit,
886 4006 958 4085 quod
987 4009 1021 4067 dc
1051 4009 1164 4065 humine
1190 4009 1298 4065 tutuno

194 4103 274 4163 crat,
295 4108 386 4168 neque
411 4102 501 4147 tamen
525 4090 552 4147 in
576 4092 673 4168 culpae
695 4091 856 4148 societatem
881 4092 1034 4149 trahendus
1056 4093 1092 4147 sit
1112 4090 1212 4157 Deus,
1232 4081 1298 4167 quati

195 4175 431 4253 transgressionis
460 4174 503 4230 rei
529 4185 628 4231 auctor
657 4177 692 4232 sit
721 4175 762 4231 sci
792 4175 978 4252 approbator,
1012 4196 1094 4252 ‹prrrm
1119 4175 1204 4252 iunge
1227 4172 1299 4231 atriu

196 4258 332 4317 horitanae
355 4257 454 4313 ruentis
478 4258 651 4333 perspicacia
674 4277 739 4317 esso
760 4278 891 4317 arcarium
916 4260 1004 4336 palam
1026 4260 1082 4323 sit,
1118 4278 1155 4316 uc
1179 4259 1298 4336 ignoru-

196 4343 262 4401 tiam
284 4350 408 4400 nostrum
431 4340 513 4398 fateri
536 4338 648 4420 pudeat.
693 4342 770 4415 luto,
793 4364 828 4403 ne
846 4362 926 4422 quiem
946 4362 980 4403 cx
1003 4342 1132 4404 tidciiirus
1156 4343 1239 4402 fateri
1259 4356 1298 4399 nc·
