2648 4928
392 321 469 429 dle
486 320 802 393 Praedcstiuatr’oue.
1062 312 1145 400 '639

91 522 128 564 nu
151 505 207 564 noir
230 520 296 562 csse
317 519 431 562 eausam
453 500 651 580 parentinen
673 501 744 563 velle
766 511 933 584 peceatum:
967 502 1007 565 ita
1026 508 1145 587 prornis-

108 587 227 666 requirit
254 585 360 659 iidem,
389 603 460 665 non¹
482 583 595 663 quidem
619 585 731 646 ratione
762 586 928 667 dignitatis,
957 585 1011 650 sed
1045 606 1147 671 appre-

91 691 193 731 rsronrs.
485 684 488 693 ·

116 753 182 815 Etsi
203 762 297 812 antem
317 746 389 809 fides
408 749 496 809 solius
519 748 575 810 Dei
596 747 774 822 dormirent,
795 763 916 834 etopus
937 752 1062 834 Spiritus
1080 774 1148 817 aaa·

91 848 213 897 atamen
234 834 409 895 ordinarium
437 832 473 892 ad
499 832 727 912 consequendam
755 833 837 896 fidem
865 839 1081 900 instrumentum
1102 853 1149 900 est
1176 902 1179 907 ,

91 920 213 981 adiectio
233 916 397 995 Evangelii,
419 917 496 976 iuxta
517 915 604 975 illud:
632 909 751 990 (luania,
780 921 827 998 qui
849 919 928 980 audit
947 940 966 980 a
984 920 1094 996 Patre,
1118 935 1150 984 et
1180 910 1194 943 χ
1246 924 1252 931 “

91 1005 135 1081 rit,
153 1004 233 1064 veuit
252 1001 290 1062 ad
311 1019 366 1059 nc.
411 998 501 1059 lteaa:
534 998 623 1059 Fides
648 999 816 1076 exauditu,
845 1001 958 1062 auditos
979 1016 1075 1067 antem
1096 1026 1150 1087 per

91 1086 156 1149 lam
181 1085 251 1147 Dei.
296 1083 356 1144 Per
383 1080 411 1140 id
440 1084 515 1143 cuim
544 1084 630 1143 trahit
651 1083 754 1158 Dens,
786 1096 817 1145 et
845 1088 1036 1149 assentientes
1067 1101 1149 1151 certo

91 1173 156 1251 'gnita
177 1171 251 1230 sicut
270 1166 458 1248 pertinaciter
478 1165 618 1265 rclselles,
643 1178 672 1227 ct
700 1168 736 1228 in.
759 1169 973 1249 impoenitentia
996 1173 1150 1234 morientes

91 1250 633 1412 ffliddidloiddbddntddllrtulrllndiicll',
655 1256 1149 1414 illaxutsttugrlavllllddandraoddldnlldddca

115 1420 209 1483 credit
228 1421 258 1479 iu
279 1418 394 1489 Filium,
417 1437 472 1476 uon
494 1415 645 1479 iudicatur.
689 1416 748 1492 Qui
768 1429 938 1479 autemnon
960 1418 1070 1495 eredit,
1094 1425 1150 1484 iam

92 1516 180 1591 catus
201 1513 257 1576 est,
278 1503 420 1583 quianon
441 1498 533 1562 eredit
554 1501 584 1560 in
606 1519 709 1562 nomen
738 1501 879 1581 anigeniti
901 1502 969 1564 Filii
989 1502 1059 1567 Ilei.
1103 1506 1152 1566 lo-

123 1674 188 1739 llna
206 1670 336 1749 congruit
355 1670 472 1749 querela
493 1667 608 1730 Domini
629 1668 704 1750 apud
716 1668 849 1731 Esaiama
873 1669 948 1732 Tota
962 1669 1010 1734 die
1029 1671 1152 1753 expandi

90 1774 140 1817 rua
163 1753 296 1817 meas'ad
317 1754 448 1833 populum
470 1765 664 1816 contumacem
685 1764 715 1815 et
735 1753 988 1817 eouuadieeuterm
1031 1753 1079 1816 Ex
1097 1776 1153 1837 qno

91 1838 203 1901 imouio
222 1838 330 1898 Paulus
352 1837 413 1915 ipsa
435 1837 616 1898 rebellionem
636 1836 826 1911 ludaeorum,
852 1857 967 1899 eausam
1000 1904 1003 1911 ,
1022 1838 1153 1901 iectionis

91 1938 140 1985 nm
170 1924 260 1983 inisse
285 1918 439 1982 concludit.
489 1920 555 1983 Nec
582 1922 713 1982 severius
738 1933 921 2004 praeceptum
1014 1932 1047 1999 t,
1071 1940 1154 2005 qaam

91 2009 155 2069 εει·
181 2005 277 2066 Patris
307 2002 343 2063 de
370 2003 464 2063 Filios
493 2003 579 2063 llune
605 2003 722 2066 audites
754 2004 860 2066 Mattlr.
892 2012 942 2069 17.
987 2004 1047 2081 Qut
1078 2006 1154 2067 huuc

91 2091 214 2171 tpletam
234 2088 390 2167 respuerit,
412 2085 616 2148 credibabitur.
660 2086 749 2149 Dent.
772 2097 824 2151 18.
868 2090 951 2151 Sient
972 2091 1155 2150 econtrario

91 2190 94 2223 t
119 2173 228 2235 dulelor
248 2171 428 2242 consolatio,
457 2189 511 2231 uec
541 2171 649 2229 certior
668 2169 835 2233 Electorum
861 2183 929 2232 nota
958 2190 1025 2233 ease
1047 2184 1154 2254 potest,

93 2274 127 2318 mr
145 2255 219 2339 qued
240 2257 301 2336 ipse
323 2254 449 2333 Spiritus
470 2263 586 2314 sanetus
608 2253 707 2313 beatos
740 2256 903 2334 pronuntiet
922 2274 1034 2329 omncs,
1057 2257 1157 2335 quiin

91 2343 179 2415 miae,
200 2340 255 2399 hoe
275 2346 331 2409 est,
355 2339 384 2396 iu
405 2354 474 2397 vern
495 2337 641 2417 agnitione
662 2347 692 2396 ct
712 2338 892 2399 invocatione
913 2338 1024 2400 Christi
1044 2336 1158 2400 Modia-

91 2440 117 2482 ιι
142 2443 180 2485 ex
207 2425 260 2484 lec
286 2424 343 2482 vita
371 2422 521 2499 emigrent.
553 2420 645 2499 Apoe.
670 2427 722 2484 ld.
765 2420 851 2482 Beati
872 2424 950 2483 enim
969 2440 1089 2497 omues,
1106 2425 1157 2503 qui

93 2504 187 2568 lldnnt
207 2508 235 2567 in
257 2525 304 2567 eo.
325 2504 405 2568 Psal.
418 2512 451 2565 2.
494 2503 534 2564 Et
556 2503 682 2585 quisquis
702 2505 882 2567 invocaverit
902 2525 1004 2567 nomen
1024 2505 1156 2580 Domini,
1183 2562 1186 2569 .

91 2591 214 2653 rabitur.
238 2588 324 2652 Rom.
350 2598 400 2651 10.

126 2674 191 2736 Etsi
219 2674 305 2752 igitur
327 2672 407 2732 Deus
432 2691 486 2757 pro
506 2673 695 2734 immensitate
717 2673 876 2752 sapientiae
897 2690 979 2749 suae,
1001 2691 1066 2733 eum
1088 2670 1159 2733 Ele·

91 2774 166 2832 rum,
188 2768 247 2817 tum
261 2757 459 2836 Reprobornrn
481 2774 639 2828 numerum,
665 2755 830 2837 praevidet:
852 2754 960 2817 Taurea
979 2754 1159 2817 iudicandum

107 2843 146 2904 de
168 2843 295 2920 utrisque
318 2861 354 2899 cx
378 2841 465 2914 verbo
486 2838 543 2898 Dei
564 2841 703 2912 revelate,
727 2859 781 2900 uec
799 2854 840 2900 'ca
860 2841 1041 2919 praevisione
1061 2838 1180 2925 diviuax

91 2937 211 2988 etentes
231 2926 352 3002 aliquis,
380 2935 429 2982 aut
450 2924 596 2983 excusatio
625 2925 772 2984 securitati
800 2935 831 2983 et
860 2924 974 3002 flagitiis
1002 2922 1159 2991 hominnm,

91 3006 221 3080 terenda,
243 3027 296 3066 nec
320 3007 399 3087 culpa
423 3005 628 3066 incredulitatis
654 3017 683 3067 ct
711 3008 791 3067 exitii
816 3009 845 3066 in
863 3005 958 3066 Deum
985 3005 1161 3067 conferenda

94 3134 110 3161 ,
140 3095 219 3153 iuxta
246 3090 369 3151 dictum:
399 3090 529 3152 Perditio
552 3100 601 3149 tua
627 3100 736 3163 exte,
764 3109 784 3150 o
803 3090 913 3151 lsraela
941 3109 980 3152 ex
1000 3098 1162 3150 meantem

91 3192 124 3238 aa
145 3188 205 3238 tua.
1035 3230 1039 3237 .

128 3259 168 3320 Et
188 3255 412 3340 praedestinatio
432 3260 546 3338 proprie
569 3278 626 3318 nen
648 3256 857 3331 adnumerum,
880 3259 928 3338 qui
949 3258 978 3317 iu
995 3254 1061 3317 Deo
1083 3274 1163 3316 meu·

102 3356 152 3405 cat
172 3344 260 3413 aetio,
284 3340 334 3401 sed
357 3345 448 3421 potius
470 3342 505 3402 ad
527 3343 674 3402 consilium
704 3341 868 3402 liberrimae
897 3341 985 3420 ipsius
1011 3339 1164 3400 voluntatis

91 3423 154 3489 'erri
174 3426 270 3487 debet.
313 3425 362 3485 Ad
384 3428 543 3497 consilinm,
567 3427 698 3505 inquam,
722 3444 774 3485 sca
795 3426 986 3505 propositum,
1011 3434 1042 3484 et
1061 3421 1165 3484 decre-

91 3511 187 3572 nllei
211 3519 358 3571 aeternum
387 3521 417 3569 et
436 3511 598 3581 immotum,
628 3509 666 3569 dc
686 3510 771 3570 unica
795 3509 865 3584 illo,
880 3506 1052 3588 eodemque
1079 3505 1165 3566 medo

91 3593 207 3674 m'piendi
229 3593 357 3652 homiues
378 3605 443 3672 post
463 3596 571 3670 lapsum
590 3592 768 3672 ingratiam,
788 3593 849 3653 aine
861 3586 1086 3672 prosopolepsim
1112 3609 1166 3670 per

98 3691 213 3759 propter
230 3676 321 3735 solum
344 3676 446 3735 Filium
468 3677 670 3749 Medietatem,
689 3695 759 3736 vera
772 3674 829 3735 fide
844 3676 1064 3754 apprehensum.
1108 3675 1167 3751 Qui

91 3759 149 3823 olus
169 3762 329 3843 patefactus
351 3761 378 3818 in
399 3759 579 3839 Evangelio,
602 3769 634 3818 ut
654 3769 699 3819 cat
724 3758 924 3831 immutabilis,
947 3768 978 3818 ct
998 3758 1074 3817 nala
1095 3756 1168 3817 Dia-

91 3840 112 3903 li
130 3849 169 3920 vi,
191 3855 241 3906 aut
262 3842 373 3915 fraude,
398 3845 528 3924 aallaque
544 3843 715 3903 calamitatis
736 3840 905 3915 acerbitate,
926 3842 972 3902 vcl
993 3840 1096 3912 everti,
1119 3843 1168 3900 vel

91 3929 150 3989 ritus
177 3932 234 4009 piis
263 3926 342 3986 reddi
375 3938 490 4006 potesta
518 3930 561 3987 sic
588 3926 729 3985 nerninem
752 3941 888 4003 prorsus,
917 3945 976 4006 qno
995 3923 1109 4004 quidem
1131 3922 1169 3982 ad

91 4019 197 4073 lernam
218 4008 433 4072 elementissimi
454 4010 510 4071 Dei
530 4011 713 4079 voluntatem,
736 4006 878 4068 excludite
909 4026 972 4068 eum
999 4008 1083 4067 simul
1104 4028 1169 4066 cunr

91 4108 194 4179 sumpta
215 4105 317 4156 uatnrn
345 4096 396 4151 toti
425 4095 525 4172 generi
555 4095 675 4152 humano
695 4093 857 4162 communi,
884 4110 1059 4151 communem
1082 4092 1169 4150 etiam

91 4177 152 4241 latia
173 4191 289 4240 nestrae
313 4197 440 4236 caussam
461 4180 490 4237 in
513 4197 544 4236 se
566 4176 711 4255 receperit
728 4172 886 4245 Mediator,
909 4192 963 4232 nee
984 4176 1097 4235 venant
1116 4176 1171 4233 oli-

91 4284 126 4326 as
145 4265 258 4335 saltem,
281 4260 332 4320 scd
356 4272 442 4320 toturn
464 4279 556 4339 genus
577 4260 726 4319 humanum
747 4258 872 4329 salvaro,
894 4255 968 4337 quod
988 4259 1125 4336 perierat.

136 4346 222 4410 Unda
242 4346 329 4408 ctiam
351 4344 541 4408 universalem
561 4344 672 4426 gratiae
685 4342 899 4424 promissionem
915 4349 960 4399 tot
978 4343 1172 4404 semmae·
