2648 4928
289 289 345 361 lle
365 287 484 359 ordine
509 288 746 357 ecclesiastico.
1006 283 1088 364 lm

91 473 131 532 his
157 489 229 550 quae
253 465 356 528 audisti
388 485 406 527 a
436 483 483 525 me
506 483 560 544 per
580 467 682 526 multos
704 477 812 536 testes,
831 464 904 528 haec
922 466 1088 529 commenda

91 577 110 613 rs
129 554 301 623 hominibus,
325 551 372 631 qui
392 561 475 609 erunt
489 549 604 625 idonci,
627 560 658 609 ut
679 549 751 610 alios
771 570 881 631 quoqne
899 550 1032 614 doceant.

93 658 160 698 nare
181 636 323 716 apudncs
345 631 501 693 sacerdotis
523 632 615 691 officio
638 635 718 711 iungi
738 635 843 694 nemini
864 654 933 696 sane
951 636 1091 716 permitti-
1120 656 1123 661 ·

94 724 117 780 si
141 724 185 791 is,
207 731 237 779 ut
258 717 353 789 decet,
377 725 507 786 vocatus,
531 725 561 775 et
582 717 734 776 secundum
756 717 916 777 huiusmodi
939 730 1092 799 praecepta

94 825 125 863 us
148 804 245 866 luerit.
287 799 314 860 E
332 800 453 878 vestigio
473 818 570 858 eorum
593 800 639 878 qui
667 801 709 860 sie
728 797 764 873 ad
783 802 969 862 ministerium
987 801 1091 863 Eccle-

92 889 158 947 lccti
180 896 262 955 sunt,
286 894 383 963 partes
404 901 468 941 esse
490 881 613 953 docent,
635 881 799 962 diligentem
819 904 915 945 curam
938 887 1092 947 animarum

91 971 240 1036 rediturum
262 968 379 1046 gerere,
403 966 512 1044 illisque
531 964 682 1044 Evangelii
705 967 819 1026 verbum
843 979 873 1027 et
894 968 1090 1043 Sacramenta,

91 1054 190 1114 Christi
212 1052 416 1110 institutionem
439 1048 560 1109 hdeliter
587 1050 767 1124 ministrare,
797 1070 831 1110 ac
859 1054 998 1132 praehere
1025 1073 1093 1115 sese

91 1141 140 1197 lum
166 1137 268 1195 honum
297 1132 334 1192 ad
362 1130 526 1191 imitandum
557 1134 707 1207 omnihus,
736 1153 788 1215 pro
809 1135 864 1194 illis
884 1134 998 1209 Deum,
1027 1148 1093 1197 uta

91 1228 108 1280 sss
131 1232 160 1280 ct
179 1217 325 1279 erroribus
352 1215 519 1287 liberentur,
543 1213 703 1296 deprecari.
747 1216 787 1277 Et
807 1238 878 1297 quae
901 1220 975 1279 illins
995 1221 1094 1281 voluu-

112 1303 140 1362 in
162 1301 303 1372 omnihus,
323 1319 375 1378 per
389 1297 552 1378 Scripturas
569 1303 732 1379 exquirere.
758 1301 856 1362 Prima
877 1302 958 1362 Petri
978 1305 1091 1382 quinto:

91 1407 200 1459 scum,
223 1385 270 1464 qui
298 1385 326 1442 in
348 1383 428 1442 vobis
447 1395 493 1442 est
512 1401 630 1462 gregem
652 1383 781 1458 Christi,
808 1405 903 1446 curam
923 1387 985 1446 eius
1002 1402 1094 1467 agen·

92 1492 128 1531 on
150 1488 187 1530 ex
208 1468 399 1539 necessitate,
426 1464 477 1525 scd
501 1467 594 1538 ultro,
626 1487 682 1527 non
703 1469 794 1547 turpis
815 1469 886 1527 lucri
907 1467 1021 1541 studio,
1043 1469 1095 1530 sot

103 1574 154 1634 per
178 1571 209 1611 se
240 1569 391 1630 propenso.
439 1547 480 1607 Et
503 1548 627 1609 Paulus:
663 1549 705 1610 At
727 1561 757 1611 tu
785 1551 872 1629 sigila
896 1552 925 1610 in
951 1553 1094 1626 omnihus,

91 1641 133 1696 riu
150 1636 361 1704 afflictionibus,
375 1651 446 1710 opus
462 1651 567 1712 perage
578 1633 796 1709 Evangelistae,
818 1635 1006 1695 ministerium
1019 1646 1097 1697 tnnm

92 1741 153 1779 nunu
177 1718 322 1798 probatum
344 1714 466 1774 reddito.
511 1715 638 1799 lterumrl
657 1715 731 1778 Esto
751 1718 837 1795 igitur
858 1717 948 1777 forma
961 1716 1096 1793 fidelium,

91 1822 182 1874 mone,
206 1802 234 1861 in
255 1799 483 1869 conversatione,
506 1799 534 1858 in
556 1798 720 1873 dilectione,
743 1801 772 1860 in
794 1801 906 1881 spiritu,
930 1803 958 1861 in
980 1801 1047 1875 ude,
1069 1805 1099 1863 in

94 1908 125 1958 c,
150 1885 240 1945 donec
261 1903 368 1943 venero
380 1925 392 1956 ,
413 1880 528 1943 attende
549 1883 683 1957 lectioni,
706 1883 913 1956 exhortationi,
936 1882 1097 1960 doetrinae,

91 1971 212 2049 glexeris
232 1965 307 2046 quod
333 1967 362 2024 in
391 1975 420 2025 te
448 1962 641 2041 est'donum,
668 1966 742 2046 qnod
768 1965 862 2027 datum
894 1976 940 2026 est
965 1968 1017 2029 tibi
1046 1990 1100 2049 per

91 2056 176 2125 stiam,
200 2070 262 2110 curn
285 2048 466 2127 impositione
489 2068 631 2122 manuum,
652 2050 825 2111 authoritate
839 2048 1005 2124 sacerdotii,
1029 2051 1100 2114 haec

91 2159 108 2212 r,
128 2137 156 2195 in
180 2135 320 2203 hiscem,
343 2140 373 2189 ut
396 2132 539 2208 profectus
566 2141 630 2191 tuus
658 2133 826 2194 manifestus
847 2133 885 2191 sit
905 2134 935 2193 in
955 2135 1098 2209 omnibns,

91 2220 174 2279 ctibi
198 2217 264 2296 ipsi,
287 2225 316 2274 ct
337 2212 495 2285 doctrinae,
517 2217 641 2292 persiste
663 2216 693 2273 in
715 2215 774 2288 luis,
797 2235 861 2281 nam
882 2213 913 2275 it
934 2216 960 2276 si
980 2218 1098 2293 loceris,

91 2324 130 2362 nm
152 2300 292 2370 servabis,
315 2307 344 2357 et
366 2314 417 2356 eos
439 2297 485 2375 qui
507 2306 535 2355 te
555 2296 708 2358 audierint.

91 2387 224 2445 :aeterum
254 2381 374 2452 docent,
411 2389 442 2437 ut
471 2379 564 2438 alticio
593 2379 815 2457 Ecclesiastieao
849 2377 1102 2446 administrationis

91 2480 159 2539 rtet,
182 2487 244 2526 eam
267 2464 421 2524 doctrinam
446 2463 474 2522 in
496 2461 630 2522 Ecclesia
654 2473 790 2537 teneant,
818 2483 891 2545 quae
918 2465 990 2525 nihil
1017 2486 1102 2528 asa·

91 2550 226 2612 anouilrus
248 2547 393 2619 dellectat,
415 2565 533 2624 eamque
556 2548 728 2608 unanimiter
750 2567 849 2608 omnes
870 2546 1027 2629 eodemque
1043 2552 1103 2632 epi·

91 2637 264 2695 roliteantur.
309 2628 460 2693 Secundae
482 2630 607 2690 Tinroth.
636 2632 745 2711 primos
776 2631 909 2692 Formam
930 2632 1034 2693 habeto
1056 2655 1103 2694 so·

91 2771 92 2778 ,
114 2737 288 2787 sermonum,
310 2715 408 2795 quasa
426 2732 471 2772 me
492 2712 635 2786 audivisti,
655 2734 719 2774 eum
740 2712 797 2775 lide
810 2726 840 2776 et
857 2716 1009 2791 charitate,
1030 2737 1103 2796 qnae
1197 2716 1202 2733 ’

111 2803 225 2862 Christo
245 2798 323 2871 lesu,
347 2808 404 2857 etc.
448 2796 494 2856 ae
515 2797 638 2858 iterumr
669 2797 838 2859 Renuneies
860 2799 1043 2880 quibusdum,
1066 2821 1103 2863 ne

91 2907 134 2946 utu
157 2892 310 2963 sequantur
328 2881 496 2940 doctrinam.

94 2987 197 3047 nsuper
217 2965 332 3034 docent,
355 2984 391 3024 ne
412 2964 462 3024 ulli
482 2964 529 3043 qui
546 2960 685 3023 Ecclesiis
710 2963 925 3043 praeficiuntur,
946 2984 1104 3046 quenquam

91 3055 145 3123 cio,
168 3052 196 3110 vi
218 3060 267 3108 aut
286 3049 368 3108 urinis
389 3067 441 3128 per
462 3065 508 3119 se,
532 3066 583 3125 per
603 3047 722 3116 aliosve,
743 3047 781 3107 ed
801 3046 884 3108 lidem
911 3060 1028 3128 cogant,
1052 3070 1105 3111 nee

94 3146 176 3196 entur
196 3133 364 3203 Ecclesiae,
396 3141 447 3191 aut
474 3131 504 3190 in
534 3129 615 3189 tidem
640 3129 792 3190 dominium
819 3142 984 3193 exerceant.
1028 3132 1107 3194 Mat·

94 3230 147 3281 20.
182 3216 269 3277 Scitis
297 3213 371 3295 quod
400 3214 551 3294 Principes
568 3214 692 3293 gentium
713 3213 892 3277 ‹ltminantur
917 3216 986 3288 illis,
1009 3221 1107 3297 etqui

91 3311 195 3372 sunt,
218 3301 371 3380 potentiam
393 3308 529 3357 exercent
551 3299 579 3356 in
600 3317 668 3369 eos,
698 3317 756 3359 nou
782 3299 821 3358 ita
852 3299 909 3357 crit
932 3300 1010 3360 inter
1036 3305 1106 3374 ro's3

91 3389 230 3464 uicunque
247 3385 322 3441 inter
334 3401 385 3441 vos
396 3381 518 3441 volucrit
532 3401 648 3459 magnus
670 3380 746 3452 lieri,
759 3391 816 3441 etc.
860 3381 898 3441 Et
912 3381 1030 3456 Petrus,
1051 3404 1107 3444 non

91 3492 128 3528 un
150 3469 324 3528 dominantes
341 3467 369 3524 in
393 3460 608 3535 haereditatem,
631 3462 682 3524 sed
699 3466 761 3524 sitis
774 3466 865 3524 torma
879 3467 989 3545 gregis.
1032 3466 1109 3528 Rur-

91 3553 206 3612 l’anlus:
239 3549 305 3609 Non
332 3546 404 3627 quod
427 3546 603 3606 dominemur
622 3547 703 3608 vobit
718 3549 829 3608 caueae
850 3548 933 3621 fidei,
956 3546 1009 3610 red
1029 3549 1108 3610 adto-

102 3655 195 3696 sumus
216 3635 304 3692 vestri
326 3630 421 3710 gaudii
444 3631 471 3688 iu
494 3629 629 3688 Domino.

91 3720 199 3779 Debent
220 3728 312 3776 autem
334 3714 486 3776 Ecclesiae
516 3713 674 3795 ministerio
694 3711 819 3788 admoti,
842 3716 919 3777 iuxta
939 3713 1014 3796 quod
1034 3715 1110 3777 Pau·

91 3803 101 3862 l
120 3800 299 3862 Timotheum
321 3809 351 3860 et
371 3800 466 3858 Titum
488 3795 673 3875 praescrihit,
694 3798 785 3857 malos
806 3809 836 3858 et
855 3799 1039 3860 adversantes
1060 3820 1109 3861 ve·

114 3888 255 3966 patienter
275 3886 365 3955 lcrrc,
389 3881 509 3957 nitique,
523 3890 554 3938 nt
570 3879 772 3958 scripturarum
787 3885 955 3943 testimoniis
976 3903 1028 3944 eos
1042 3904 1111 3943 eua-

91 3982 128 4042 at,
152 3968 321 4046 Christoque
343 3965 533 4024 lucrifaciant.
671 3970 674 3974 ’
843 3962 847 3969 ’

91 4055 198 4113 [locent
220 4053 320 4121 etiarn,
351 4061 382 4108 ut
403 4044 576 4107 Sacerdotes
602 4046 726 4122 negotiis
751 4044 926 4106 secularibus
947 4068 1004 4108 non
1027 4069 1111 4110 oecu-

92 4160 126 4210 r,
156 4134 324 4215 praesertim
351 4152 439 4203 vcro,
474 4141 505 4189 nt
526 4129 561 4187 ab
591 4138 667 4187 statu
690 4130 814 4208 coniugii
842 4128 924 4189 liberi
949 4133 1022 4203 aiot,
1057 4155 1112 4215 quo

91 4242 129 4281 cs
154 4222 210 4281 sint
238 4228 268 4276 et
291 4214 482 4294 expeditiores
503 4211 540 4272 ad
567 4210 747 4272 serviendum
767 4213 888 4292 proximi
909 4214 1063 4276 commodis
1084 4229 1114 4279 et

91 4306 158 4370 siae.
198 4299 315 4372 Etenim
347 4297 510 4383 copingium
535 4295 621 4357 multa
647 4314 747 4359 recum
773 4293 869 4360 attare
902 4293 1113 4377 impedimenta,
