2648 4928
20 39 1041 170 rechthttttttt't'tttt”tixzt‘trifn'tt”⁰5:⁰‚’0313

17 194 84 257 qno.
102 184 146 263 ρι’
167 179 225 239 soit
251 197 289 237 no
316 176 486 237 Saorement
518 177 554 237 do
590 181 639 259 foy
673 190 704 240 et
737 178 785 255 de,
806 180 1037 265 pontionem),

10 258 229 339 noiupsoree
246 280 301 343 qne
314 259 391 322 Dico
408 262 499 333 recoit
519 282 555 321 en
575 281 626 322 son
645 261 747 342 Egiise
768 262 811 323 ios
831 267 916 344 petits
935 264 1037 325 eniens

10 342 86 409 kun
103 344 190 422 [δη.
205 344 270 416 ²³),
294 364 366 404 nous
382 343 479 404 disens
495 363 550 423 qne
565 366 617 425 por
632 345 776 407 t’autorits
791 343 922 407 dolosus
937 346 1039 409 christ

10 427 73 487 etits
92 425 195 488 enisos
217 426 381 521 engenhrez
404 427 455 488 des
477 428 576 488 fideles
599 427 724 511 doyrent
745 439 824 490 estro
847 431 987 513 hnptisez.
1038 472 1045 481 -

318 579 440 641 Artiole
469 576 638 644 XXXVI.

10 692 86 754 Nous
106 693 346 775 confessumque
368 697 395 757 io
417 698 510 757 sainte
530 697 610 758 Choe
627 699 688 778 (qni
706 698 794 758 estio
812 697 918 758 second
930 696 1035 759 Serre·
1114 704 1125 727 ⁶

10 786 109 847 >noos
128 789 175 838 est
194 781 388 859 tesmoignnge
407 779 443 839 'de
463 781 560 841 I’nnith
582 801 636 861 qno
655 802 725 841 nons
746 802 834 841 orons
859 802 929 842 nree
950 782 1033 842 Iesos

12 859 271 943 t²⁴),·d’autnnt
292 863 359 943 qn’ii
387 865 463 924 n'est
489 884 539 943 pns
565 865 722 924 seulement
751 884 808 924 nne
831 866 886 924 Iois
910 875 1034 927 montet

10 944 76 1003 seith
98 964 267 1025 penteone,
289 947 360 1005 mnis
380 948 460 1006 aussi
475 967 546 1006 nous
566 949 674 1028 ropaist
696 958 725 1007 et
742 949 852 1009 nourrit
869 961 1034 1029 vrayernent

10 1026 114 1089 :rhais
135 1038 166 1087 et
184 1025 221 1087 ‹ie
242 1048 293 1088 son
316 1048 407 1108 song,
429 1030 446 1088 h
468 1049 502 1090 oe
524 1050 578 1110 qne
600 1051 670 1090 nons
691 1051 798 1112 soyons
818 1052 856 1091 nn
878 1051 948 1091 aveo
970 1032 1032 1113 inp,

10 1128 79 1171 sss
99 1113 146 1172 rie
168 1131 238 1170 none
259 1115 316 1172 soit
336 1133 484 1173 commune
501 1115 567 1196 ²⁶).
611 1113 656 1175 0r
677 1115 807 1174 cornhieo
829 1115 896 1193 qn’ii
920 1114 975 1174 soit
996 1135 1033 1175 an

10 1212 111 1274 nqueo
123 1196 142 1254 h
156 1213 190 1254 ee
209 1194 275 1275 qn'ii
295 1199 400 1257 vienne
414 1217 485 1276 ponr
498 1199 581 1276 inger
601 1208 662 1256 tout
677 1199 704 1257 io
719 1197 820 1258 nonde
836 1197 903 1279 ²⁶),
924 1208 1034 1258 tontes-

10 1296 75 1338 soos
96 1297 220 1361 croyons
246 1299 301 1359 qne
326 1300 379 1361 por
403 1280 430 1339 ia
452 1291 533 1339 ventu
560 1292 684 1340 secrette
707 1292 737 1340 et
758 1280 1036 1360 incomprehensible
1098 1343 1102 1348 ,
1210 1350 1214 1357 ,

10 1380 27 1420 o
42 1360 146 1443 Esprit
161 1361 180 1421 ii
195 1381 266 1422 noos
278 1365 388 1423 nouerit
402 1374 432 1423 et
444 1363 538 1423 vivihn
556 1363 591 1423 do
610 1364 636 1423 ia
650 1363 803 1424 substance
823 1362 861 1423 de
879 1378 930 1424 son
946 1383 1032 1444 oorps
1061 1423 1063 1426 ,

22 1464 74 1507 roo
94 1445 247 1526 unffi).
290 1446 373 1508 Nous
397 1457 498 1506 tenone
519 1447 584 1506 hein
602 1466 657 1527 qne
677 1448 739 1507 coia
760 1466 793 1507 se
815 1448 866 1506 isit
887 1447 1033 1527 spiritneb

10 1537 25 1587 t
39 1527 113 1607 ¹⁸)=
134 1540 192 1589 nnn
213 1548 264 1609 pos
284 1550 356 1611 ponr
373 1540 476 1591 mettre
497 1550 533 1588 ou
552 1530 609 1589 lien
630 1528 665 1588 rio
684 1530 772 1590 l’eh'et
788 1539 818 1590 et
838 1529 875 1589 do
892 1531 919 1590 io
939 1531 1031 1591 verith

10 1610 99 1670 ration
119 1631 159 1672 no
178 1613 303 1692 penses,
327 1615 398 1674 mais
416 1612 543 1673 rl’nntnnt
563 1632 617 1692 qne
630 1632 665 1673 oe
682 1614 808 1692 mystere
828 1625 971 1674 surmonte
992 1633 1030 1674 en

10 1706 111 1755 istesso
137 1695 165 1756 ls
192 1716 306 1757 mesore
334 1697 371 1757 de
390 1707 495 1758 nostre
523 1715 590 1756 sens
614 1706 642 1756 et
664 1706 726 1755 tout
748 1695 836 1756 ordre
856 1695 892 1757 do
915 1708 1028 1758 nature.

10 1796 147 1859 ‚ponne
170 1781 238 1859 qo’il
267 1791 313 1841 est
338 1780 464 1853 celeste,
483 1800 534 1840 ·ne
563 1789 632 1860 pent
658 1789 738 1839 ostro
766 1779 946 1860 apprehende
976 1800 1030 1860 que
1089 1829 1091 1833 .
1179 1779 1182 1784 ’

10 1881 51 1943 ny.
71 1874 88 1913 ι

308 1961 428 2025 Arliole
460 1957 647 2024 XXXVII.

10 2094 81 2161 iius
105 2119 249 2180 croyons,
277 2102 349 2161 ninsi
376 2099 444 2180 qu’il
466 2118 483 2158 e
504 2099 566 2159 esth
587 2095 648 2170 tit,
677 2116 733 2177 qne
759 2107 875 2159 tanton
896 2099 924 2157 ia
950 2097 1033 2159 Chre

26 2180 175 2265 Btptesnre
196 2181 271 2244 Dion
303 2203 374 2244 nons
403 2181 496 2242 donne
518 2180 675 2243 rh'oiemont
696 2192 726 2243 et
746 2198 801 2261 por·
816 2182 885 2241 effet
906 2200 942 2240 ro
962 2183 1031 2260 qn’ii

10 2284 59 2326 m.
101 2265 143 2327 Et
163 2277 275 2347 portent
296 2287 367 2327 nous
386 2267 592 2343 nonioingnons
619 2283 690 2324 oreo
712 2265 754 2325 ies
776 2267 875 2342 signes
899 2263 925 2342 In
943 2284 1031 2344 vrnye

10 2350 80 2411 riu
99 2360 131 2411 et
149 2351 311 2411 iouissnnoe
334 2350 371 2410 do
392 2369 427 2410 ee
450 2350 496 2428 qui
516 2368 587 2407 noos
609 2359 655 2408 est
677 2348 705 2408 lt
728 2349 875 2426 presente.
920 2346 960 2406 Et
979 2367 1032 2427 per

18 2442 75 2493 tous
94 2454 170 2494 senx
191 2436 238 2514 qni
251 2443 401 2513 apportent
419 2431 437 2491 h
453 2433 479 2492 is
502 2432 577 2492 tolie
591 2432 692 2492 soenes
714 2431 750 2492 do
767 2431 866 2492 Christ
888 2450 944 2490 une
960 2450 1031 2509 pore

10 2560 12 2571 .
33 2537 138 2579 somme
161 2537 200 2576 nn
221 2520 351 2576 vaissean
373 2526 532 2595 reooyvent
552 2527 720 2594 vrayemeot
739 2535 772 2574 eo
793 2535 848 2594 qno
871 2516 913 2573 Ios
935 2516 1032 2593 signes

10 2600 109 2662 tinen:
132 2602 206 2660 o’est
224 2622 279 2680 que
299 2602 327 2661 ie
350 2621 434 2680 corps
450 2610 480 2657 et
502 2600 528 2658 io
551 2618 621 2678 song
641 2596 676 2657 de
694 2599 775 2658 lesus
790 2599 891 2661 Christ
912 2617 947 2656 ne
971 2617 1033 2654 ser-
