2648 4928
586 311 770 385 Praelatio.
873 364 876 369 -
1161 313 1259 394 781·

127 509 228 561 tamen
250 496 427 571 arloersarij
442 502 550 555 contra
570 511 656 554 suam
675 490 808 579 ipsflpo
824 500 1047 580 conscientiam,
1066 488 1151 571 stols
1162 503 1241 567 bunc

126 585 248 644 titulum
270 596 300 643 et
320 600 422 640 nomen
442 580 546 638 indere
566 588 722 638 canantur.

86 705 90 711 -
214 667 392 745 Quanquam
413 674 512 721 autem
534 666 665 722 maiores
685 665 786 723 nostri
805 666 925 742 itidem,
949 678 981 728 et
998 686 1053 729 nos
1073 672 1240 753 superiori·

125 757 182 815 bus
204 755 292 810 annis
319 771 340 810 a
370 748 514 817 Romanis
541 748 746 806 cacerdotibus
768 748 958 829 baptisatos,
979 753 1171 833 rebaptisare
1192 774 1241 819 sa·

126 839 180 898 liti
198 853 317 907 srcmus,
347 833 438 890 multo
466 831 530 889 alia
559 842 658 889 tamen
688 849 769 890 mens
794 852 832 890 ac
853 838 1063 913 propositum,
1094 858 1133 898 ac
1161 839 1241 900 alies

128 921 234 981 deinde
259 920 338 992 finis
372 917 514 992 longeque
545 914 725 974 disertiores
758 935 868 974 causae
903 920 986 977 nobis
1006 921 1121 998 suere,
1152 916 1241 1003 quam
1269 985 1273 993 ,

83 1046 86 1051 -
126 1004 345 1082 Anabapistis:
374 1000 458 1058 Nunc
475 1010 574 1058 autem
597 1003 657 1057 iam
678 998 761 1078 {quud
779 1018 833 1060 nos
854 1002 1054 1080 rebaptisatio
1075 1006 1131 1065 illa
1152 1002 1242 1066 abro-

127 1098 206 1168 gata
227 1099 283 1146 est.
327 1085 396 1157 Qua
418 1086 454 1142 de
473 1103 507 1141 re
527 1086 608 1141 inter
626 1087 747 1162 prima,
774 1103 795 1141 a
823 1096 994 1146 nostratum
1011 1087 1167 1170 Ecclesiae
1189 1089 1241 1151 ne·

127 1172 231 1232 roibus
261 1174 292 1229 in
321 1170 375 1228 boc
406 1168 519 1240 libello,
556 1166 672 1246 Regiae
699 1166 877 1243 Maiestati,
908 1172 990 1230 ratio
1012 1176 1125 1250 paucis
1151 1174 1241 1249 infra

127 1256 280 1316 redditur.

124 1388 128 1395 .
214 1337 309 1397 Porro
336 1341 365 1396 si
393 1338 642 1416 rebaptisationis
668 1339 776 1415 gratia
799 1335 986 1415 ,auBobemis
1017 1340 1078 1398 iam
1098 1336 1241 1415 Rationi-

87 1474 93 1487 .
128 1424 267 1484 sontibus
288 1423 502 1491 sacerdotibus,
523 1422 743 1501 Anabapts'stae
759 1439 944 1495 censeamur,
964 1424 1019 1482 boo
1037 1428 1134 1504 ipsum
1150 1420 1241 1485 telum

128 1509 300 1569 necessario
330 1510 361 1564 in
391 1524 440 1564 eos
471 1508 704 1584 retorquebitur.
759 1504 835 1563 Noni
863 1516 893 1566 et
919 1509 1053 1585 ipsorum
1079 1517 1191 1586 patres
1220 1529 1241 1569 a

121 1591 294 1673 pontificiis
335 1591 541 1648 sacerdotibus
573 1589 765 1668 Baptismate
808 1591 965 1663 initiatos,
1004 1592 1243 1671 rebaptisabasst,

122 1675 282 1757 pontificii
307 1691 415 1732 rursus
449 1674 550 1731 relata
581 1676 703 1745 talione,
736 1672 930 1733 Bobemorum
957 1672 1119 1754 Baptisma
1147 1678 1243 1737 itera·

124 1761 214 1821 bant.
266 1759 390 1835 Utrique
408 1769 507 1817 autem
527 1775 548 1814 a
569 1759 653 1818 nobis
679 1777 716 1816 ac
737 1759 899 1837 maioribus
920 1762 1036 1818 nostris
1059 1760 1241 1841 baptisatus,

127 1843 369 1922 rebaptisarunt,
382 1854 411 1901 et
433 1846 465 1900 oi
485 1844 576 1900 etiam
591 1841 721 1900 matoes
737 1842 779 1900 ad
798 1841 853 1900 boc
867 1859 951 1901 suum
966 1842 1127 1924 Baptisma
1140 1863 1243 1925 coege-
1290 1906 1293 1913 ,

127 1937 214 1987 runt.
254 1927 295 1986 Et
318 1946 375 1984 non
398 1928 481 1984 modo
505 1927 547 1997 id,
568 1946 669 1986 oerum
690 1927 824 2002 coniugii
850 1926 979 1986 vinculis
1009 1931 1164 2002 astrictos,
1187 1930 1244 1989 its·

83 2024 92 2041 ·
127 2030 198 2081 rum
217 2030 254 2068 ac
275 2012 369 2069 denuo
384 2009 621 2082 confirmabant:
646 2008 720 2068 baec
734 2028 828 2086 neque
845 2027 905 2088 nos,
919 2031 973 2069 neo
991 2013 1242 2091 praedecessores

127 2104 250 2154 nostros
271 2093 432 2170 aliquando
447 2093 567 2164 fecisse
595 2102 726 2151 constat.
770 2091 833 2151 Nec
851 2096 1040 2154 matrimonio
1058 2096 1094 2153 ab
1117 2096 1241 2155 tuisco-
1295 2153 1301 2165 ,

123 2178 262 2261 palatos,
276 2195 385 2236 rursus
407 2193 428 2233 a
449 2174 532 2232 nobis
544 2175 723 2248 confirmari
740 2194 870 2253 unquam
886 2177 1048 2255 probatum
1057 2179 1140 2252 suit.
1181 2178 1243 2238 Sed

127 2262 292 2323 obtendunt
305 2260 495 2331 Sacerdotes,
504 2275 536 2316 se
550 2258 627 2316 nibil
638 2258 809 2336 deliquisse,
825 2270 880 2317 aut
894 2263 1050 2339 quicquam
1063 2278 1184 2324 errasse
1193 2284 1242 2325 rs-

127 2346 310 2425 baptioando
333 2365 352 2402 a
372 2344 456 2402 nobis
478 2340 670 2421 Baptisatas.
715 2340 960 2420 Quandoquidem
987 2362 1042 2402 nas
1062 2343 1241 2420 baeretices,

127 2433 291 2501 sectarios,
311 2431 346 2487 ab
370 2427 564 2504 Ecclesiaque
584 2427 701 2485 excisos
721 2427 902 2486 credebant:
931 2429 997 2486 ideo
1018 2429 1110 2487 etiam
1130 2434 1241 2511 optimo

127 2516 198 2573 iure
219 2512 378 2591 Baptisma
398 2522 532 2569 nostrum
552 2508 665 2568 nullius
685 2512 835 2584 nomenti,
854 2513 996 2590 energiae
1016 2529 1069 2571 seu
1090 2507 1243 2588 efficaciae

128 2608 187 2659 aut
205 2600 341 2668 uirtutis,
364 2599 407 2655 eis
430 2614 494 2655 esse
512 2593 680 2666 ridebatur,
695 2591 826 2673 proinde
848 2595 1089 2674 rebaptisabant.

215 2681 258 2740 Ar
278 2685 307 2739 si
328 2685 407 2740 sicut
429 2683 483 2751 eis,
504 2680 557 2757 qui
575 2680 623 2737 rei
643 2688 738 2756 agunt
759 2697 831 2738 suas
849 2690 977 2759 partes,
997 2677 1080 2740 oilra
1099 2681 1243 2748 iniuriam

128 2769 214 2829 tueri
234 2767 314 2837 licet,
334 2768 382 2823 ita
403 2765 465 2822 illis
486 2766 578 2822 etiam
599 2763 779 2842 respondere
800 2765 1018 2843 compellimur,
1046 2767 1125 2844 quod
1144 2787 1244 2846 quen.

128 2851 287 2911 admodum
309 2849 342 2907 lei
361 2848 518 2928 Baptismo
540 2846 668 2924 aliisque
694 2844 783 2905 rhus
809 2851 924 2907 nostrie
952 2847 1030 2906 nibil
1050 2850 1243 2931 differebant,

128 2945 163 2995 et
186 2949 239 2992 aas
261 2936 318 3004 sic,
348 2951 386 2991 ac
414 2934 530 2991 caeteri
558 2930 738 3009 complures,
765 2931 868 2991 eadem
896 2934 1016 2991 ratione
1043 2930 1243 3013 Baptismus,

130 3038 218 3099 quem
239 3018 445 3089 conferebant,
466 3017 588 3073 irritum
609 3025 639 3073 et
659 3031 778 3072 cassum
801 3034 867 3075 esse
890 3017 1077 3077 ducebamus.
1120 3016 1244 3082 Haben-

131 3115 181 3163 tes
203 3103 244 3160 ad
263 3101 337 3159 baec
357 3118 483 3178 magnas
512 3101 704 3176 insignesque
726 3102 914 3171 occasiones,
942 3101 979 3159 ab
1001 3099 1065 3171 illis
1085 3119 1243 3186 eorumque

129 3186 296 3246 maioribus
317 3188 348 3242 in
368 3184 554 3242 concionibus
583 3192 614 3242 et
638 3184 763 3260 scriptis
784 3187 959 3262 praestitas
991 3193 1084 3262 atque
1112 3187 1244 3252 oblatas.

130 3270 263 3331 Ronsani
290 3270 408 3340 itidem,
444 3268 609 3326 retroactis
645 3268 825 3344 temporibus
854 3279 961 3348 aperte
989 3265 1058 3326 illos
1083 3269 1243 3336 haereseos

131 3356 333 3422 damnarunt,
355 3348 488 3429 quambis
516 3361 551 3408 ut
571 3361 727 3410 sementem
740 3351 906 3426 fecerunt,
928 3354 976 3410 ita
998 3360 1028 3410 et
1048 3369 1244 3419 messuerunt.

130 3437 212 3498 Nam
231 3437 279 3494 tttt
298 3437 368 3494 licet
388 3436 471 3492 modo
489 3434 699 3504 consilescunt,
719 3434 773 3493 boc
785 3436 911 3507 factum
929 3446 1029 3494 tamea
1049 3437 1119 3496 olim
1131 3438 1243 3502 Roma

130 3526 183 3582 nis
203 3521 327 3590 abunde,
347 3540 384 3578 ac
405 3538 469 3576 cuns
482 3519 614 3592 foenore
626 3529 806 3596 pensarunt.
851 3517 1036 3579 Tantundem
1057 3523 1154 3600 igitur
1176 3520 1244 3586 illos

130 3627 154 3666 a
177 3605 278 3675 nobis,
301 3624 389 3682 quam
418 3620 472 3661 nos
502 3603 538 3660 ab
561 3602 634 3675 illis,
654 3603 845 3681 baptisatos,
867 3604 1102 3683 rebaptisando,
1122 3627 1245 3672 comm.

131 3690 234 3749 ruisse
247 3690 352 3766 palam
374 3699 429 3747 est.
1048 3716 1051 3723 ·

222 3771 365 3850 Utrisque
385 3790 457 3848 erga
477 3782 622 3841 nostrum,
641 3770 718 3827 idem
739 3769 865 3841 luditur,
895 3770 1027 3851 nibilqus
1044 3785 1174 3851 possunt
1194 3775 1245 3837 bie

132 3856 218 3919 nobis
239 3859 413 3935 impingere,
437 3856 514 3932 quod
535 3874 592 3911 noa
621 3856 652 3910 ia
681 3871 730 3911 eos
758 3859 862 3931 regeri
873 3859 996 3934 possit:
1026 3860 1088 3914 nisi
1099 3859 1246 3930 fortasse

132 3942 193 4002 bac
208 3952 304 4019 parte
326 3943 465 4016 dispares
484 3956 595 4004 sumus,
616 3937 694 4014 quod
713 3939 824 3995 incitos
855 3941 946 3996 etiam
978 3937 1025 3996 illi
1054 3941 1163 4020 absque
1184 3945 1245 4004 ullo

133 4027 316 4102 Scripturas
336 4024 485 4101 euenrquo,
508 4032 748 4099 praeceptoque,
776 4022 818 4079 ad
836 4022 887 4092 id,
909 4023 987 4098 quod
1005 4020 1157 4097 uolebant,
1171 4048 1245 4107 ‚cre-

134 4111 261 4169 dendum
283 4126 404 4183 cogere,
425 4107 569 4163 baetenus
601 4105 685 4160 soliti
709 4115 789 4164 sunt.
830 4102 900 4163 Hac
920 4104 951 4162 in
970 4125 1015 4175 re,
1036 4124 1100 4164 cum
1121 4109 1169 4167 bis
1190 4114 1245 4169 asi-

133 4195 214 4251 nime
242 4192 326 4248 nobis
354 4193 498 4248 coreoenit.
547 4184 695 4246 Neminem
724 4191 801 4246 enim
833 4190 876 4247 ad
903 4199 1038 4246 nostram
1065 4196 1245 4255 sententium

135 4275 370 4353 aaeplectendam
396 4272 603 4351 compellimus.
651 4272 745 4351 Atqui
768 4282 936 4352 praeterea
962 4290 1027 4330 cum
1046 4272 1136 4354 plebs
1167 4280 1246 4356 ipsm

137 4363 202 4419 suis
229 4356 388 4438 affectibus
418 4356 593 4435 indulgens,
622 4356 664 4417 ad
688 4356 784 4417 multa
814 4372 910 4436 supra
938 4373 1062 4438 aequum
1083 4366 1115 4418 et
1135 4361 1247 4423 iustum
