2648 4928
289 222 292 228 ι
392 283 450 355 Ite
473 300 619 373 pereum
642 236 781 357 christi.
1058 282 1136 365 033

99 471 232 535 rotantur,
254 473 287 523 ut
306 461 453 543 sapienter
470 471 501 523 et
520 462 569 542 pie
586 443 792 526 Nazianzenus
810 463 848 528 ad
867 462 1037 529 cledonium
1064 470 1137 531 nent·
1253 478 1256 483 ’

136 547 232 627 Atque
247 547 288 607 ita
301 563 475 626 nequaquam
496 531 587 606 nudos
608 545 726 629 Christo
751 549 849 610 titulos
869 550 1062 626 ettribuimut,
1084 551 1137 615 ced

99 640 252 693 eustratus
272 650 309 691 ex
329 629 418 690 verbo
436 627 508 702 Dei,
530 649 585 689 nou
608 632 711 691 lectam
733 650 801 692 eese
820 635 980 717 physicum,
1002 646 1056 695 sut
1072 646 1138 698 rte·

106 712 269 776 ldiomatuuu
292 714 526 785 transfusionem,
548 732 641 794 neque
661 712 697 775 a'd
716 726 863 799 utramque
878 728 1008 779 ιιιιιιιιιιι
1024 736 1138 781 mecm·

99 797 189 859 tndam
210 815 277 858 esee
299 798 345 858 vel
367 797 587 878 proprietatem,
609 798 657 859 vel
676 800 835 873 actionem,
857 820 931 882 qnae
949 800 987 863 de
1005 800 1139 867 Person·

99 879 178 943 ndum
202 882 365 942 alterutram
394 891 523 949 usturam
551 880 744 959 praedicatur.
787 883 862 945 Nam
886 884 952 945 inde
973 879 1154 947 necessario¹

99 976 193 1026 eretur
213 966 327 1026 unionis
349 956 543 1045 hypostaticae
566 964 700 1038 ebolitio,
731 962 874 1047 totiusque
904 968 989 1029 buius
1007 989 1034 1030 m
1100 971 1138 1031 rii
1270 1014 1278 1021 -

99 1046 150 1121 tie,
173 1060 204 1111 et
221 1058 383 1109 naturarum
410 1045 564 1121 identitas,
592 1050 673 1109 iuxta
698 1052 826 1129 regulam
852 1050 991 1113 Lutherir
1017 978 1138 1133 ideam

99 1132 227 1205 metatos,
242 1142 330 1211 negat
351 1141 476 1191 naturas.
517 1129 558 1190 Et
578 1130 751 1195 Athanmiie
780 1132 913 1209 'Quorum
941 1137 1073 1215 operatio
1091 1148 1139 1199 ent

99 1232 137 1285 m,
157 1215 257 1278 eadem
278 1226 323 1276 est
339 1227 451 1276 nature.
495 1213 617 1275 sivero
637 1236 693 1277 uua
718 1228 881 1279 naturaest
901 1216 1046 1293 Christus,
1068 1238 1140 1302 qne-
1207 1292 1209 1297 ,

99 1300 183 1380 tipsi
202 1299 363 1360 tribuentur
383 1299 550 1359 contrario?
569 1298 723 1361 secuudum
732 1300 947 1363 Theodoretum
969 1301 1082 1384 dialogo
1102 1312 1135 1367 2.

107 1380 184 1456 Quin
205 1384 300 1463 potior
320 1400 393 1462 quae
414 1381 451 1443 de
465 1380 583 1442 Christo
605 1382 737 1444 dicuntur
752 1385 860 1467 (inspuit
871 1383 997 1467 cyrillus
1013 1386 1088 1449 libro
1102 1390 1135 1453 ⁶.

99 1460 234 1548 binitete)
258 1467 300 1526 sic
321 1462 506 1545 intelligenda
524 1476 601 1540 sont,
623 1478 655 1527 ιιι
667 1485 722 1529 nec
735 1487 810 1549 quae
822 1466 940 1531 Deitate
952 1470 1136 1547 conveniunt,
1202 1532 1205 1537 ,
1237 1464 1240 1471 ’
1261 1530 1265 1555 ;

99 1551 189 1611 teitatl
216 1551 311 1630 ipsius
337 1550 514 1610 tribuuntur:
539 1569 594 1612 nec
620 1569 693 1631 quae
720 1551 901 1613 humanitatis
921 1553 1038 1634 proprie
1059 1568 1137 1630 suot,

99 1633 224 1695 deitatem
245 1634 335 1713 ipsius
356 1632 588 1712 detorqueantur.
630 1634 712 1696 Unus
739 1637 815 1709 euim
843 1633 975 1717 idemque
1004 1634 1139 1700 Christus

99 1715 373 1797 [lnquitllulgentius
395 1717 445 1776 lib.
458 1715 905 1801 ³.adThrasinunnd·)·quiquod
917 1718 1069 1781 humerum
1078 1732 1138 1797 est‚‘
1203 1746 1206 1751 ·

99 1798 238 1862 tIleusin
257 1801 378 1861 veritate
391 1799 546 1860 humanae:
579 1799 621 1861 Et
631 1800 707 1882 quod
726 1800 850 1863 divinum
872 1812 931 1878 est,
946 1802 1139 1867 hebetbomo

99 1886 192 1946 'ritate
213 1885 326 1944 divinae
345 1894 474 1947 uaturoe.
515 1883 636 1945 Rectam
659 1904 730 1967 ergo
760 1885 845 1948 fidem
871 1886 1025 1960 tuebimur,
1048 1896 1140 1965 (teste
1272 1920 1280 1937 ·

99 1970 184 2030 ιιιιίι
204 1987 291 2029 serm.
308 1974 340 2029 4.
363 1978 463 2029 contre
479 1969 622 2050 Arianos)
642 1970 668 2029 si
689 1969 765 2050 quod
780 1972 929 2052 utriusque
943 1980 1060 2032 naturae
1073 1992 1140 2053 pro-

99 2063 196 2128 test,
224 2050 457 2125 consideremus,
486 2062 518 2111 et
542 2052 578 2111 ab
607 2072 664 2112 uno
682 2064 832 2133 utrumque
851 2056 992 2134 praestari
1012 2056 1140 2118 animad-

99 2150 179 2199 flue.
222 2134 257 2196 ld
277 2137 303 2195 si
320 2156 338 2195 a
357 2135 440 2195 uobis
461 2135 521 2209 lut,
543 2155 686 2216 uunquam
704 2138 736 2197 in
755 2156 885 2199 errorem
904 2136 1095 2218 prolebemur.

562 2280 591 2338 4.
606 2284 734 2339 Molctltl
752 2284 863 2341 Clttltfi.
940 2292 943 2297 '

99 2378 186 2450 Hine
204 2389 261 2449 iam
282 2385 426 2468 dependet
442 2406 512 2448 vera
532 2385 569 2448 de
587 2389 736 2448 maiestate
749 2384 860 2448 Christi
880 2389 1034 2463 ecumbe,
1055 2407 1139 2471 qoam

99 2480 159 2533 tete
177 2472 349 2553 explicamus
368 2473 446 2532 iuxta
468 2472 594 2550 regulam
615 2468 816 2532 Nazianzenus
848 2468 915 2532 Atia
936 2483 982 2532 est
1003 2472 1139 2535 couside-

126 2554 195 2615 Filii
224 2559 336 2618 ratione
364 2556 527 2626 essentiae,
560 2555 748 2615 alienatione
777 2556 983 2639 oeconomiae,
1003 2555 1060 2617 hoe
1074 2550 1151 2631 'ett,›

99 2640 156 2698 enti
183 2641 386 2700 incarnationis
413 2649 441 2698 et
467 2638 563 2698 officii.
608 2637 649 2698 Ut
675 2638 750 2698 enim
771 2637 936 2699 scholastici
962 2638 1074 2700 erudite
1095 2638 1138 2700 di·

99 2732 186 2783 erunt
207 2726 283 2784 inter
303 2723 421 2802 gentium
443 2723 565 2793 unionis,
588 2722 708 2800 gratiam
722 2720 846 2800 Capitis,
868 2732 899 2782 et
912 2723 1034 2802 gratiam
1055 2742 1140 2803 pree·

99 2800 170 2867 ivae
192 2807 337 2886 signinis,
360 2825 441 2884 quem
464 2816 492 2865 et
513 2807 632 2883 gratiam
655 2805 826 2865 habitualem
846 2824 903 2865 nou
925 2807 1020 2886 inepte
1041 2806 1140 2887 eppel-

99 2892 138 2950 le
170 2890 215 2951 ltu
234 2893 312 2951 iuxta
333 2890 384 2948 hos
407 2901 465 2948 tres
487 2887 592 2967 gradus
617 2886 844 2949 commodissime
868 2886 1010 2949 declarari
1037 2901 1067 2951 et
1093 2892 1138 2950 iu·

99 2966 115 3027 d
137 2993 224 3054 posse
244 2992 392 3034 censemus
414 2974 508 3031 omnia
528 2984 585 3031 tem
606 2972 786 3051 Scripturee,
808 2990 889 3052 quom
909 2971 1027 3033 Petrum
1049 2970 1136 3046 dicte,

99 3066 127 3114 tt
147 3057 252 3137 aliquid
274 3057 391 3117 Christo
412 3056 519 3115 bomini
539 3057 566 3114 in
589 3067 718 3135 tempore
739 3053 833 3116 dotum
856 3056 1005 3117 asseritur.
1049 3054 1139 3131 Quie-

109 3143 187 3201 cnim
215 3142 387 3203 eminentiae
416 3141 502 3199 babet
522 3138 656 3200 Christus
689 3138 785 3211 bomo,
810 3138 840 3199 id
857 3137 943 3199 hebet
962 3139 1009 3200 vel
1027 3140 1139 3204 ratim

99 3220 137 3285 tle
157 3225 351 3307 hypostaticae
376 3245 439 3285 cum
468 3219 570 3310 λόγῳ,
595 3234 626 3283 ut
646 3233 782 3282 aeternus
809 3232 839 3283 et
866 3240 952 3283 verus
973 3220 1074 3283 Deest
1093 3223 1140 3283 vel

99 3316 158 3369 tcto
180 3309 278 3381 ollicii,
303 3318 333 3367 ut
348 3307 498 3369 Ecclesiae
518 3316 619 3386 ceput:
644 3305 690 3368 uel
710 3308 821 3366 ratione
838 3303 993 3379 donorum,
1016 3312 1089 3388 quae
1108 3307 1139 3367 in

99 3402 153 3457 »et
173 3391 328 3453 secuudum
348 3412 413 3453 sese
434 3412 502 3452 caro
520 3391 629 3451 Christi
657 3390 769 3469 occepit
796 3391 897 3469 partim
925 3399 1013 3464 ante,
1036 3391 1141 3470 purtim

111 3474 354 3616 pperilicationem,
376 3486 408 3534 ut
425 3474 526 3547 ditata,
549 3487 579 3534 et
594 3484 680 3533 uncta
701 3492 787 3552 supra
808 3483 970 3533 consortes.

138 3560 332 3620 ehluiestate
354 3560 441 3638 igitur
461 3560 579 3619 Domini
604 3558 695 3617 nostri
722 3556 789 3617 lesu
819 3555 930 3617 Christi
959 3556 1137 3637 profitemur,
1222 3584 1229 3597 ·

104 3636 255 3704 indubitata
273 3643 328 3703 lide
342 3642 476 3717 credere,
495 3641 569 3723 quod
582 3640 736 3701 secuudum
752 3638 898 3701 Deitatem
920 3660 999 3700 suem
1021 3651 1139 3700 aeterno

99 3722 121 3796 i,
142 3739 172 3788 et
197 3727 317 3808 Spiritui
344 3738 462 3800 sancto,
491 3747 543 3806 per
563 3726 657 3784 omnia
683 3724 810 3803 aequalis
831 3725 885 3796 sit,
915 3722 1043 3784 ciusdem
1075 3741 1138 3782 cum

99 3826 146 3888 que
167 3813 329 3882 esseutiae,
359 3809 513 3871 earundem
542 3809 743 3890 proprietatum
771 3807 984 3878 essentialium,
1012 3804 1138 3865 eiusdem

99 3896 183 3956 utatis
207 3906 238 3956 et
258 3895 383 3973 gloriae,
414 3897 493 3955 iuxta
518 3891 691 3974 symbolum:
716 3888 830 3963 Petris,
853 3889 940 3962 Filii,
963 3898 993 3949 et
1013 3888 1138 3969 Spiritus

99 3979 140 4052 ti,
163 3998 219 4057 upa
238 3977 361 4050 Deitas,
384 3979 511 4059 aequalis
533 3977 643 4055 glorio,
673 3983 825 4033 coaeterua
846 3976 988 4033 maiestas.
1014 4007 1053 4018 -
1072 3971 1140 4030 lloc

99 4060 245 4143 oCynilli
272 4062 376 4122 dictum
410 4071 537 4143 spectat:
577 4057 682 4119 Missio
710 4066 740 4116 et
765 4056 928 4117 obedientie
956 4074 1013 4115 uon
1038 4053 1141 4113 tollunt
1207 4054 1213 4060 '

99 4145 226 4207 talitatem
248 4148 405 4220 esseutiae,
428 4157 478 4207 aut
497 4143 654 4226 potentiae,
676 4138 729 4202 ced
743 4137 919 4222 distinguunt
932 4137 1058 4199 ordinem
1074 4156 1141 4219 per·

99 4250 176 4292 cum.

112 4312 325 4377 llonultttem
344 4334 414 4376 vero
433 4313 523 4392 ipsius
542 4310 664 4371 uunur
682 4312 844 4371 etenim
862 4323 941 4381 este,
961 4322 1036 4386 pote
1055 4304 1086 4366 ἰι
1106 4320 1141 4367 te
1219 4376 1227 4386 ‚
