2648 4928
386 330 539 431 llpla'tm
562 338 790 411 lleiicatoris.
1040 406 1046 417 .
1070 338 1146 419 sat

97 519 197 591 retati,
220 515 323 578 heatae
348 518 522 592 memoriae,
556 535 574 578 s
603 519 708 578 reatris
734 514 983 585 Generositatihna
1003 534 1033 585 et
1052 524 1150 599 sehin,

100 624 173 665 enm
195 599 341 683 praeallcta
363 601 429 660 helei
451 613 565 661 nestrae
587 599 770 663 Christianae
785 603 987 679 Conlcaslene,
1010 608 1064 669 hae
1083 610 1153 689 ipra,

98 707 172 749 ansa
193 704 229 745 eo
250 697 378 763 tempore
399 685 522 756 oblatas,
543 684 670 763 pluribus
690 689 856 765 exponitet
876 688 1013 749 tlcclarat.

109 772 244 850 Accepto
262 788 333 828 vero
351 764 590 841 clementissimo¹
603 787 620 828 a
633 766 788 829 ¹Caesarea
810 770 969 832 Maiestate
993 792 1146 855 maponse,

106 874 138 915 sn
162 871 271 913 summa
294 850 388 911 atatlio
406 864 441 911 ac
459 851 607 929 diligentia
628 852 830 923 (mediantibus
856 868 887 915 et
908 875 963 915 noa
985 876 1082 934 perusa
1103 858 1146 918 la·

98 938 219 1010 tntihua,
248 937 335 995 certis
358 934 543 1014 quibasdam,
567 935 665 1014 ijsqae
687 939 848 1018 praecipuis
876 941 1025 1017 personis,
1048 950 1104 998 tum
1127 960 1145 1002 e

98 1041 150 1087 aro
171 1030 295 1080 restrum
317 1020 440 1077 omnium
470 1019 554 1077 triutu
582 1018 743 1091 Ordiauur,
773 1033 831 1081 tam
855 1039 892 1080 ex
915 1020 1144 1097 Ecclesiasticia,

119 1104 178 1187 pijs
201 1111 231 1164 et
249 1103 277 1162 iu
300 1101 458 1181 scripturis
479 1102 570 1162 saeris
595 1104 772 1177 exercitatis,
804 1104 841 1164 ael
863 1102 891 1163 itl
913 1106 1070 1185 deputatis)
1092 1125 1147 1186 per
1204 1146 1208 1153 -

98 1188 205 1250 alerem
233 1197 262 1246 ct
284 1186 448 1245 immensum
476 1183 535 1245 Dei
557 1185 769 1267 omnipotentis
794 1188 935 1267 gratian,
964 1189 1145 1271 divinumque

108 1290 159 1333 ena
178 1269 324 1341 auxilium,
346 1268 511 1329 filicissimo
534 1287 598 1328 cum
618 1286 772 1343 necessu,
800 1271 829 1331 in
854 1268 1018 1332 Christiane
1044 1275 1147 1334 unani·

98 1374 126 1417 m
146 1363 177 1417 ct
196 1351 351 1415 eoncordia
372 1352 555 1432 perstitistisa
585 1362 616 1412 ut
640 1350 795 1413 Caelestia
816 1350 1001 1416 Christianae
1026 1367 1144 1418 nestrae

133 1436 245 1499 outline
267 1434 418 1497 secusium
432 1454 532 1495 amnas
543 1437 680 1498 articulos
698 1437 805 1517 scripte
819 1438 1039 1517 comprehensa,
1061 1439 1146 1501 Scri·

98 1541 119 1583 s
147 1520 327 1602 propheticis
355 1530 385 1579 et
405 1516 609 1599 Evangelicis,
636 1518 758 1582 Veteris
786 1539 822 1581 ae
847 1518 926 1581 Nori
949 1522 1142 1595 Testamenti,

98 1624 157 1666 nna
177 1606 292 1665 larcuta
315 1603 420 1663 luerit:
448 1602 477 1662 il
505 1602 580 1682 qaod
606 1604 708 1664 merite
731 1602 814 1665 nohis
841 1615 872 1665 et
893 1608 1017 1685 posteris
1038 1607 1147 1667 restris·
1208 1650 1218 1663 .

98 1708 169 1750 anae
191 1687 377 1749 consolationi
399 1705 465 1747 esse
487 1683 582 1747 dehet.
626 1686 724 1766 Atque
747 1687 818 1748 heac
845 1688 907 1767 ipss
935 1688 990 1748 tata
1007 1687 1076 1750 atet
1092 1710 1147 1749 ao-

126 1770 282 1835 Coniessio
302 1768 467 1830 Caesareae
489 1766 657 1841 Maiestati,
691 1771 903 1832 oneratissimo
925 1774 1104 1846 memoriae,
1125 1786 1162 1833 a·

98 1856 136 1917 is'
161 1854 408 1916 Generositatihaa
435 1863 465 1913 et
489 1852 570 1912 rolris
603 1852 778 1933 postmotlaan
808 1855 921 1927 ohlata,
944 1854 1143 1935 humilincqua

98 1960 147 2001 scr
165 1940 281 2019 petitum
310 1938 379 2008 luit,
408 1948 438 1995 ut
460 1933 606 1996 Caesarea
627 1936 767 1999 Maiestas
791 1950 902 1999 rostras
924 1936 1143 2000 Generositatcs

99 2042 132 2081 ss
153 2042 215 2081 curu
233 2020 398 2081 Christiana
416 2022 470 2078 hac
493 2018 704 2092 consessione,
738 2031 769 2079 ut
788 2032 817 2080 ct
836 2021 1004 2082 Pectoribus
1025 2042 1060 2083 ae
1082 2034 1142 2082 toto

99 2104 206 2166 meiius
235 2103 461 2171 Ecclesiastico,
485 2101 706 2162 clementissima
734 2123 818 2163 manu
843 2107 962 2177 terere,
986 2106 1081 2177 tueri,
1112 2115 1143 2164 et

99 2188 267 2249 notissimus
288 2184 410 2255 Cacsar,
431 2182 497 2243 Rex
519 2194 548 2244 et
570 2183 710 2245 Dominus
730 2186 830 2246 nos'tcr
849 2205 916 2246 esse
931 2182 1143 2266 'atpernranere

99 2284 206 2333 samer.
249 2269 341 2345 Quota
365 2267 586 2329 clementissime
614 2279 709 2328 autern
739 2268 786 2328 illa
809 2270 915 2328 vestris
934 2268 1142 2351 Gener-usitati·

99 2366 132 2419 et
153 2355 236 2415 uehis
263 2354 415 2424 aaaucnit,
444 2348 536 2430 deque
562 2351 637 2409 iusta
664 2359 694 2410 et
720 2353 883 2411 necessaria
912 2354 1140 2425 assecuratione,

99 2458 131 2501 ss
151 2450 181 2500 et
201 2436 367 2499 secerdotes
388 2445 498 2495 vestros
520 2434 548 2493 ia
572 2431 670 2494 eadem
691 2433 874 2495 confessione
896 2434 930 2495 et'
947 2436 994 2516 piu
1007 2454 1041 2496 ae
1054 2433 1142 2495 Chri-

99 2540 121 2583 m
140 2522 244 2584 urdine
263 2520 483 2590 Ecclesiastico,
506 2538 590 2578 nemo
612 2516 741 2578 turbaret
767 2528 797 2578 et
822 2516 983 2597 impediret,
1006 2530 1143 2581 oretenus

99 2619 192 2671 rmata
204 2605 372 2686 presideat,
394 2601 422 2661 tt
445 2614 528 2661 omne
549 2612 660 2662 vestras
674 2598 891 2663 Generositetes
912 2613 944 2665 et
957 2622 1022 2677 res,
1039 2598 1142 2683 tna'gm

99 2702 172 2762 erte,
196 2693 267 2750 lrcnc
288 2688 380 2748 adhuc
401 2686 580 2757 meminisse,
604 2686 747 2747 existimo.
869 2754 872 2760 Ι

99 2774 174 2849 Qua
204 2773 239 2832 te
268 2792 353 2832 causa
379 2791 433 2829 acu
462 2769 602 2828 laramerite
623 2766 733 2828 dehitas
753 2768 819 2830 noo
840 2770 946 2848 gratiss
967 2789 1068 2849 agere,
1088 2790 1141 2831 tte·

103 2876 146 2918 ne
168 2859 230 2916 eius
253 2867 380 2914 sanctum
409 2853 557 2914 celebrare
580 2862 731 2925 tenemur,
754 2849 827 2933 quoi
848 2872 905 2913 non
928 2864 1035 2914 tantum
1056 2872 1141 2933 pree·

120 2957 257 3002 caesarea
278 2936 438 3008 Maiestas,
465 2936 588 2994 lllustris
618 2938 772 2996 memoriae
796 2954 886 3015 nsque
906 2935 943 2996 atl
963 2940 1047 2998 fiuent
1068 2948 1140 2996 tetu-

99 3024 131 3085 is
155 3024 229 3082 ritae
250 3040 329 3091 suae,
350 3019 400 3078 scal
421 3030 450 3077 et
470 3017 605 3077 moderna
626 3017 772 3079 Caesarea
792 3019 952 3092 Maiestas,
980 3021 1141 3099 imperator

99 3108 206 3188 ›lphus,
228 3104 294 3163 Rex
315 3114 344 3163 et
364 3102 502 3160 uoniam
524 3112 622 3160 noster
648 3103 883 3163 clementissimus
911 3115 1022 3164 reatina
1042 3103 1140 3164 Gene-

99 3203 159 3251 stes
182 3200 211 3248 et
233 3209 284 3246 vos
304 3205 415 3257 carnes,
436 3205 499 3244 curn
521 3184 685 3249 Christiana
706 3185 753 3246 illa
774 3196 871 3246 nostra
893 3186 1058 3267 Religiaae,
1078 3188 1139 3247 cle-

99 3294 138 3337 ιι
156 3270 303 3332 admodum
326 3281 355 3330 et
376 3280 512 3349 paterne,
542 3270 583 3327 uti
614 3269 689 3347 pium
710 3289 745 3329 ac
766 3269 960 3330 Christianum
980 3270 1140 3349 Magistra·

99 3356 201 3427 alecet,
224 3355 328 3414 iecerit
348 3365 377 3414 et
397 3351 568 3422 tetenderit,
592 3351 751 3431 ijstlemqne
772 3365 904 3432 nuquam
925 3352 1055 3413 litlelihas
1072 3354 1145 3413 suh·'

114 3442 172 3502 'vol
188 3440 235 3499 ulli
258 3440 342 3498 ctiam
364 3438 413 3515 alij
434 3448 586 3516 propterca
615 3439 758 3515 negotium
777 3449 807 3496 et
829 3435 985 3497 molestiam
1007 3437 1139 3497 exhiheri

100 3544 140 3585 ne
163 3524 337 3604 permiserit,
359 3519 441 3589 adeo,
465 3530 495 3577 ut
514 3520 543 3579 ie
565 3519 902 3601 heellegneliehemiae
923 3520 997 3582 hona
1015 3522 1045 3581 in
1065 3540 1138 3601 pace

100 3627 164 3669 enus
187 3606 343 3667 conseruati
365 3604 526 3663 attisiensi
548 3605 662 3665 simas..

105 3692 180 3754 Cum
209 3710 278 3749 vero
304 3691 452 3749 maximum
479 3687 626 3765 hucusque
651 3683 792 3747 delectam
820 3688 849 3745 in
872 3705 907 3747 ce
931 3685 1137 3747 animadverte·

113 3774 189 3858 quorl
210 3774 292 3853 pauci
308 3771 453 3832 elmodam
476 3789 512 3830 ea
527 3767 723 3829 sacerdotibus
742 3772 804 3830 sire
819 3769 970 3831 Ecclesiae
986 3772 1135 3840 ministris,

100 3862 160 3923 ttlto
185 3859 334 3937 pauciores
362 3859 447 3916 etlam
471 3874 506 3914 ex
536 3854 665 3913 erunibus
694 3852 916 3931 Rebusptthlicis
936 3856 1017 3932 regui
1040 3854 1134 3923 huius,

102 3943 191 4022 eligas
215 3940 385 4018 exemplaria
407 3937 590 3998 Christianae
609 3937 683 4009 illius
704 3947 819 3996 nostrae
840 3936 1050 4007 confessionis,
1072 3956 1136 3995 carm

100 4025 201 4089 tentae
229 4025 337 4104 plebis,
368 4032 425 4080 tum
453 4021 587 4101 propriae
609 4020 737 4079 utilitatis
758 4038 865 4094 cauas,
887 4021 916 4079 in
937 4030 1066 4100 promptu
1087 4020 1138 4080 hu·

100 4134 108 4186 ς
131 4128 252 4187 acquam
274 4108 388 4166 carniae
411 4115 440 4164 et
466 4104 662 4164 necessarium
683 4121 750 4162 esse
769 4101 856 4176 alexi,
894 4113 927 4162 nt
944 4102 1138 4167 Christianam

122 4203 249 4255 nostram
270 4190 487 4251 Coalessioaem
508 4186 627 4267 puhlicis
649 4187 727 4267 typis
746 4185 958 4247 exeunslcudam
980 4184 1135 4250 traderem.
1170 4176 1175 4191 ¹

104 4280 155 4339 uia
173 4286 286 4337 vestrae
306 4273 524 4333 Gcaemsitstes
544 4282 574 4330 et
591 4288 665 4343 ses,
692 4279 822 4352 tempere
850 4269 1058 4349 praedictare·
1078 4270 1139 4333 co

100 4381 168 4424 num
190 4357 364 4440 apuleam.
382 4353 454 4417 hlei.
469 4353 509 4415 D.
520 4350 760 4429 Masintham,
776 4352 896 4414 illustris
907 4352 1065 4437 Ιιοιιιηιι
1078 4374 1140 4417 mn·
