2648 4928
107 297 186 397 264
434 300 628 375 consensus
661 300 885 372 Genevensis

108 497 203 547 tamen
226 484 291 542 ions
309 491 339 541 et
358 482 441 560 origo
461 481 596 541 malorum
616 480 740 539 omnium
762 481 800 541 sit
821 490 940 541 naturae
959 480 1109 560 corruptio
1127 478 1205 541 etri

107 569 239 638 tiositas,
262 563 420 644 negandum
444 573 583 635 nonest,
606 564 660 623 nisi
683 564 773 643 prima
796 565 909 643 pietatis
928 563 1092 623 rudimenta
1109 560 1205 625 conrd

108 652 171 713 lere
194 650 291 710 libeat.
337 648 458 710 Causam
482 649 507 706 si
529 665 670 726 quaeras,
689 667 741 707 eur
763 648 877 719 vitium,
900 645 976 728 qnod
996 649 1025 707 in
1039 647 1143 707 electis
1161 646 1205 707 ni

109 733 192 796 Dens
213 732 352 811 corrigit,
375 751 429 790 non
451 729 552 790 eodem
573 731 601 789 in
624 730 755 807 reprobis
773 728 899 791 remedio
921 729 1075 810 dignctnrr
1103 730 1204 791 adme

111 816 171 878 dita
190 814 264 896 apud
286 817 375 894 ipsum
397 814 478 874 latet.
523 813 588 873 lloc
609 811 693 873 modo
712 812 835 885 Paulus,
859 832 945 895 quum
964 833 1040 874 nono
1064 811 1205 875 odilone

112 921 165 962 nos
196 900 290 979 cupite
313 897 407 958 Deum
434 897 532 958 statuit
552 897 628 956 vitae
650 906 680 957 et
698 898 796 956 mortis
818 897 974 968 arbitrum,
1004 907 1036 956 ut
1064 896 1139 957 salsi
1165 896 1205 957 sir

111 984 153 1045 illi
175 980 304 1053 demum,
332 978 402 1060 quos
425 980 461 1041 ab
483 982 600 1040 interitu
626 981 729 1059 cripita
761 991 790 1040 et
812 981 890 1041 clare
911 980 1127 1059 pronunciavit,
1154 978 1205 1041 ll·

59 1139 63 1145 ¹
111 1067 234 1128 volentis
255 1083 322 1125 cese
344 1083 437 1144 neque
458 1065 619 1134 currentis,
638 1061 700 1149 ,red
720 1063 882 1125 miserentis
901 1063 976 1136 Dei,
999 1064 1048 1145 qui
1071 1064 1205 1127 miseret!

112 1151 194 1211 cuius
214 1148 292 1220 vult,
315 1158 345 1207 et
364 1166 446 1227 quem
467 1146 527 1207 vult
546 1145 676 1207 indurata
698 1158 798 1227 postea
820 1149 989 1227 conspicuas
1011 1158 1042 1207 et
1063 1149 1145 1228 qnasi
1163 1146 1205 1227 μ

112 1232 222 1315 pabiles
242 1232 454 1291 excaecationis
474 1249 576 1290 causas
597 1230 625 1288 in
646 1249 697 1289 sua
718 1241 805 1308 gente
828 1230 962 1304 ostendit,
987 1229 1061 1310 quod
1078 1229 1205 1293 cunct·

112 1316 241 1398 plerique
269 1316 446 1393 respuerint,
478 1311 551 1393 quod
572 1311 665 1373 Deum
693 1316 897 1375 contumaciter
920 1314 1099 1394 repulerint,
1125 1328 1205 1377 m

112 1398 148 1460 ad
170 1417 221 1459 eos
241 1395 417 1458 tendentem.
462 1398 576 1477 Optime
599 1397 685 1475 igitur
705 1400 886 1458 consentiunt
906 1398 984 1457 inter
1004 1416 1036 1458 se
1058 1397 1131 1459 ltacc
1149 1396 1205 1461 du:

113 1480 187 1563 quod
206 1481 325 1561 quisque
347 1481 402 1540 silei
421 1482 536 1560 propria
557 1478 755 1540 incredulitate
774 1480 962 1542 damnationis
988 1481 1020 1541 lit
1047 1491 1205 1555 anctor„,t

113 1564 315 1638 nihilominus,
334 1565 493 1644 quicunque
511 1563 620 1642 Spiritu
640 1562 697 1622 Dei
717 1562 844 1623 destituti
870 1574 956 1636 sunt,
986 1566 1069 1625 caeci
1090 1562 1205 1625 adum

114 1648 261 1709 Christum
283 1659 377 1708 ruant.
422 1648 519 1726 ltaque
544 1646 665 1706 ludaeos
680 1646 786 1706 Paulus
805 1647 906 1725 (Rom.
931 1659 982 1719 tl,
997 1650 1048 1725 4.)
1071 1666 1139 1708 reos
1156 1664 1205 1729 pn

114 1751 220 1811 agens,
244 1728 334 1810 quod,
356 1732 490 1791 iustitiam
512 1748 590 1789 auam
614 1730 741 1790 stabilire
764 1731 910 1804 volentes,
942 1730 1000 1791 Dei
1021 1732 1205 1793 iustitiam

114 1816 221 1875 inerint
241 1815 363 1874 subiecti
386 1825 470 1894 atque
492 1814 531 1872 ita
552 1813 704 1892 superbiae
726 1832 796 1873 suae
817 1816 886 1874 vitio
903 1813 1027 1875 abdicati
1042 1810 1205 1875 exllocld¹

114 1899 240 1970 fuerint,
263 1898 345 1956 simul
365 1908 459 1957 tamen
484 1895 661 1956 tribuendum
681 1916 747 1956 esse
764 1896 820 1957 uei
834 1899 944 1976 gratiae
961 1897 1061 1971 docet,
1083 1896 1155 1978 qnod
1172 1914 1205 1959 rc

115 1980 189 2041 sidoi
207 1979 316 2058 quidem
331 1982 480 2040 steterint:
499 1978 731 2059 quemadmodum
746 1982 932 2043 clunaculum
947 1984 1089 2054 continet,
1104 1980 1205 2061 (ΙΝ

119 2070 254 2135 19,18.)
285 2062 399 2141 Reliqui
422 2063 489 2121 mitt
511 2074 618 2141 septem
640 2064 781 2124 hominum
806 2065 911 2137 millia,
940 2067 987 2145 qui
1011 2086 1069 2125 nou
1090 2082 1205 2127 comte

114 2158 181 2210 runt
201 2166 277 2226 genu
299 2157 364 2205 ante
386 2146 468 2207 Baal.
520 2144 624 2225 Neque
646 2149 738 2218 enim,
771 2157 802 2206 ut
826 2150 1025 2227 circonspecte
1046 2148 1205 2229 Augustino

114 2241 213 2300 namt,
244 2228 324 2306 (tin.
345 2227 381 2289 dc
404 2229 480 2289 bono
501 2248 614 2310 persev.
639 2249 704 2309 cap.
724 2233 790 2309 18.)
814 2252 865 2290 sna
887 2234 992 2292 virtute
1014 2228 1202 2303 cremarent

115 2334 166 2376 eos
192 2311 332 2374 Dominus
360 2315 504 2384 servavit,
537 2323 568 2372 ut
598 2313 698 2391 reliqui
727 2326 887 2374 manerent.
936 2315 1116 2395 Expressiur
1136 2312 1203 2375 eti·

113 2397 242 2470 Paulus,
264 2395 414 2475 Reliquias
431 2395 541 2456 Christi
564 2395 687 2456 adventu
708 2398 862 2458 serrandum
883 2400 1033 2477 gratuitam
1057 2398 1202 2460 electioet!

116 2490 255 2541 serratas.
303 2478 396 2539 Audis
423 2480 576 2559 reliquisse
610 2500 664 2559 qua
689 2500 761 2540 voce
780 2483 911 2560 exiguum
935 2502 1084 2544 numerum
1104 2483 1139 2543 alr
1155 2478 1200 2541 εὖ

115 2584 199 2626 versa
218 2562 301 2622 turha
321 2575 465 2641 segregat.
509 2564 644 2623 Servatas
667 2583 732 2623 esse
758 2566 819 2623 illas
840 2565 925 2637 dicit,
954 2588 1008 2625 non
1032 2567 1144 2646 propria
1160 2562 1202 2621 rir·

116 2659 195 2718 tute,
227 2645 278 2706 sed
296 2644 353 2704 Dei
375 2647 526 2707 leenolicio.
579 2647 706 2706 Salutem
729 2668 766 2708 ex
787 2652 909 2725 gratuita
932 2650 1075 2709 electione
1096 2646 1201 2710 deludi:

116 2751 172 2812 quo
194 2730 452 2809 significat,l1anc
472 2731 560 2789 solam
581 2732 672 2790 luisse
692 2750 823 2801 oausam,
848 2753 900 2791 eur
919 2753 973 2791 non
989 2736 1017 2792 in
1037 2734 1119 2793 turba
1132 2730 1203 2811 pcr'd·

115 2816 190 2885 rint,
214 2815 280 2893 quia
301 2815 425 2891 gratuito
447 2815 531 2874 electi
555 2816 623 2875 sint.
668 2813 751 2875 Unde
773 2835 883 2874 rursum
906 2818 1069 2889 conficitur,
1091 2816 1122 2876 Si
1139 2810 1202 2875 clei

117 2908 214 2959 essent
235 2916 351 2969 omnes,
371 2900 510 2958 neminem
533 2897 622 2957 inisse
643 2901 810 2976 periturum.

199 2980 231 3040 Si
253 2981 326 3041 velle
350 3000 383 3041 se
402 3001 436 3041 ac
457 2981 558 3039 iubere
578 2984 745 3058 pronunciet
766 2983 891 3040 mortalis
916 2980 1018 3054 homo,
1050 2995 1082 3043 nt
1109 3001 1157 3062 pro
1172 2996 1204 3039 tt·

117 3065 194 3123 tione
217 3065 254 3122 sit
275 3083 325 3122 sua
347 3065 495 3133 voluntas,
521 3067 697 3142 tyrannicam
720 3085 783 3124 esse
806 3085 905 3124 uocem
928 3067 1038 3126 fateor:
1071 3066 1121 3126 sed
1141 3054 1205 3123 ital

116 3146 209 3206 Deum
238 3146 416 3216 transferre,
445 3146 578 3223 sacrilegi
607 3159 651 3205 est
678 3149 794 3207 luroris.
849 3148 952 3228 Neque
981 3152 1057 3210 enim
1080 3151 1205 3229 quicqua!

117 3229 183 3289 Deo
205 3227 417 3288 immoderatum
438 3229 573 3306 affingere
597 3231 681 3302 licet,
709 3233 866 3303 utinen,
898 3235 971 3291 sicut
1003 3236 1030 3292 in
1055 3231 1205 3297 hominiitt

118 3313 225 3372 exultet
246 3311 351 3383 libido;
379 3310 430 3371 sed
451 3314 553 3372 merito
575 3312 629 3372 lroe
650 3313 765 3374 honoris
788 3313 915 3375 defertur
937 3318 999 3374 eius
1020 3317 1168 3388 uoluntati,
1185 3318 1205 3369 ΙΙ

118 3415 170 3475 pro
199 3397 308 3454 ratione
333 3395 444 3460 valcat,
473 3395 583 3475 quando
613 3399 704 3455 omnis
732 3400 856 3458 iustitiac
885 3400 949 3458 lons
983 3411 1029 3459 est
1056 3420 1090 3460 ac
1115 3396 1205 3477 νομὴ·

118 3479 192 3539 Nam
214 3499 286 3557 oquae
307 3480 335 3536 in
357 3479 461 3538 scholis
482 3480 547 3537 trita
568 3490 614 3539 est
637 3479 673 3538 dc
694 3480 799 3560 duplici
822 3484 884 3541 eius
904 3485 1047 3543 voluntate
1071 3481 1205 3545 tisunctio

119 3582 136 3622 a
153 3561 234 3621 nobis
250 3563 364 3622 minime
378 3560 545 3622 admittitur.
591 3564 771 3624 Voluntatem
787 3564 843 3624 Dci
856 3568 937 3625 aliam
954 3566 1124 3641 ordinatam,
1144 3565 1205 3627 alit!

119 3645 275 3705 absolutam
299 3645 593 3723 garriuutSorlronici
616 3649 769 3725 sophistae.
815 3650 897 3709 llaec
920 3651 1114 3729 blasphemia,
1136 3670 1152 3709 a
1171 3660 1205 3727 qu

120 3728 221 3787 merito
245 3729 400 3789 abhorrent
421 3731 483 3808 piae
504 3749 607 3800 aures,
631 3731 734 3810 l’iglnio
756 3744 784 3792 ct
806 3734 943 3792 similibus
963 3746 1042 3794 essct
1063 3731 1205 3812 plausibilis

120 3810 297 3889 Egeautem
319 3834 356 3873 ex
378 3810 501 3872 adverso
522 3814 683 3886 contendo,
711 3814 783 3875 adeo
806 3817 873 3875 nillil
895 3837 962 3875 esse
985 3819 1013 3875 in
1036 3817 1102 3878 Deo
1124 3810 1205 3876 inerti

120 3905 234 3967 natum,
256 3906 286 3953 nt
308 3894 374 3956 inde
395 3899 489 3974 potius
506 3897 593 3968 llnat,
615 3898 745 3977 quicquid
766 3910 810 3957 ost
832 3901 859 3958 in
881 3901 960 3959 eaelo
981 3911 1012 3959 et
1033 3903 1061 3960 in
1085 3914 1162 3961 terra
1179 3914 1205 3955 m

121 3976 207 4038 dinis.
251 3979 345 4052 Quom
366 3998 438 4057 ergo
459 3982 486 4038 in
507 4000 644 4040 summum
666 3981 782 4059 gradum
804 3983 948 4043 evellimus
967 3983 1022 4043 liei
1046 3987 1205 4045 voluntate!

120 4071 151 4120 nt
172 4062 209 4119 sit
230 4064 304 4120 omni
328 4064 439 4122 ratione
461 4065 607 4142 superior,
638 4065 714 4125 absit
743 4076 771 4122 nt
793 4086 856 4125 cum
879 4070 1025 4145 qnicquam
1049 4071 1104 4128 nisi
1126 4084 1205 4127 summ

120 4146 231 4205 ratione
253 4145 326 4205 velle
349 4146 551 4225 imaginemur3
574 4147 626 4208 sed
648 4150 814 4227 simpliciter
834 4153 986 4221 sentimus,
1012 4172 1076 4210 eum
1098 4155 1159 4212 inre
1176 4168 1205 4208 sn

122 4239 227 4287 tautum
255 4228 362 4289 habere
386 4231 553 4309 potcstatis,
582 4243 612 4290 nt
642 4233 703 4291 solo
730 4234 790 4291 eius
820 4244 887 4292 nutu
915 4246 1064 4295 contentos
1093 4256 1158 4297 csse
1176 4252 1205 4292 nu

123 4322 262 4392 oporteat.
321 4311 396 4372 Nam
428 4314 454 4373 si
487 4332 556 4374 vere
587 4313 694 4376 dictum
731 4326 790 4377 cst:
830 4316 921 4393 (Psal.
953 4326 1014 4392 36,
1039 4321 1091 4401 6.)
1122 4315 1203 4381 ludici
