2648 4928
107 300 186 377 230
443 291 639 367 consedeas
662 292 888 367 Gonovnntc

108 480 174 545 dem
194 495 284 560 utque
304 471 378 537 adeo
397 493 516 556 proreno
538 474 652 549 omnip,
672 483 726 548 nt,
746 475 774 535 ci
795 474 845 554 qai
865 490 964 535 eornm
984 469 1104 533 deviant
1124 480 1158 533 ct
1177 488 1219 543 a

108 565 255 638 nitunt,
276 562 361 623 edem
381 559 436 619 hoe
456 560 546 639 ipen·
568 560 612 620 eia
632 559 722 619 iaciat
740 559 882 639 prodicere
901 557 932 617 ia
946 555 1070 617 tunna
1091 557 1160 637 qnia
1176 552 1219 627 h

109 649 237 711 milioree
258 642 380 707 redeant
400 653 430 705 et
456 640 611 704 doctiores.
654 640 740 716 Quod
763 641 788 701 ei
809 642 894 701 attiae
917 638 1124 701 conscenditur
1143 636 1219 703 ct&

110 732 202 814 prima
230 728 351 790 hominia
379 727 528 787 creatione
558 735 688 787 movctnr
708 726 856 806 quaestio,
879 742 942 785 eam
963 741 1076 804 quoqne
1096 724 1141 785 eie
1161 742 1216 785 cm·

110 816 225 897 quitur:
256 811 354 896 (Libe.
379 809 417 871 de
439 820 564 891 corrept.
588 820 619 870 et
640 810 733 888 gratie
756 828 819 888 cap.
846 812 912 883 10.)
941 806 1216 869 Sntntcnrtnocnn·

109 900 241 970 fiwmar,
273 892 347 976 qnod
377 893 538 955 rectissime
564 890 727 966 eredimus,
761 890 854 953 Deam
887 888 1101 971 Mutinamque
1133 900 1215 961 cen-

110 984 257 1053 omaniam,
287 979 336 1059 qni
363 978 474 1037 creavit
502 977 597 1037 omnia
624 976 699 1037 boae
726 974 808 1036 vaide
828 985 860 1037 et
880 976 952 1038 ncta
972 994 1010 1035 ex
1032 974 1118 1035 donia
1137 972 1216 1037 unt·

110 1075 175 1131 tora
194 1062 368 1144 praescivit,
389 1071 420 1122 et
440 1061 523 1121 eeirit
545 1060 635 1139 magio
658 1057 693 1122 cd
716 1079 795 1120 naam
823 1059 1129 1140 omnipotentissima·
1147 1056 1217 1121 idi

111 1158 199 1217 tatem
217 1146 375 1229 pertinere,
398 1145 484 1205 etio·
506 1143 543 1204 de
564 1145 646 1204 matie
667 1143 862 1215 benefacere,
885 1162 967 1222 qnam
989 1142 1065 1204 maia
1085 1160 1153 1203 cece
1202 1208 1218 1217 Η

110 1234 226 1297 cinerea
264 1230 308 1289 cic
333 1226 486 1289 ocdiaceoe
511 1226 689 1307 Angelorum
719 1238 750 1287 et
770 1226 915 1288 tontnnn
939 1229 1044 1299 vitam,
1078 1236 1111 1287 at
1137 1227 1166 1287 ia

111 1316 191 1397 prim
211 1309 378 1374 oeteadcret
398 1309 466 1392 qnid
486 1321 584 1391 poreet
604 1310 723 1371 liberum
744 1309 910 1371 arbitrium
934 1306 1050 1385 deinde,
1073 1308 1142 1391 quid

111 1408 161 1461 eet
184 1398 297 1477 gratiae
324 1414 393 1456 ecce
418 1394 587 1455 beneficiam
614 1395 796 1473 institiaeque
824 1393 970 1456 iodicium.
1014 1393 1049 1455 in
1069 1390 1219 1467 contet&

111 1500 183 1544 vcro
203 1478 465 1551 adherentium,
493 1486 572 1559 (cap.
597 1479 667 1560 00.)
695 1477 770 1558 qood
791 1478 934 1539 residuam
957 1476 1144 1538 dubitationis
1161 1472 1216 1543 cd

112 1574 230 1647 pooiet,
254 1562 372 1623 tiberiae
393 1582 430 1623 ex
450 1561 529 1622 iieat.
573 1561 667 1637 Qnunn
680 1572 809 1622 extremo
825 1560 893 1635 die,
914 1562 1024 1641 inquit,
1048 1560 1079 1621 ia
1096 1558 1219 1633 indu

112 1646 210 1709 maadi
233 1647 397 1728 apparuerit
419 1582 566 1719 doninus,
599 1657 666 1706 tnnc
684 1645 714 1704 in
736 1644 895 1706 ciariseirne
917 1645 982 1706 ineo
1006 1638 1219 1725 rapientia-f

113 1730 247 1805 debitur,
267 1728 343 1810 qaod
365 1749 440 1797 nune
461 1731 569 1809 piorem
590 1728 678 1789 habet
697 1726 791 1805 fider,
820 1740 970 1810 antequam
999 1729 1153 1791 manifecte
1176 1726 1217 1791 οἵ

114 1814 244 1897 gaitione
271 1810 420 1885 videatur,
452 1830 535 1893 qnam
563 1822 662 1885 centa,
700 1812 881 1874 immutabitis
911 1823 942 1873 et
970 1806 1218 1957 efficaciori-c:

113 1898 245 1961 voiaatu
266 1895 343 1957 Dei:
373 1914 456 1975 quom
479 1896 564 1955 muita
581 1897 695 1977 poenit,
717 1906 747 1955 et
766 1916 823 1956 non
845 1896 929 1956 veiite
958 1896 1027 1957 citit
1049 1908 1144 1957 aaut

114 1979 191 2063 qnod
218 1999 276 2042 aon
345 1981 416 2040 acite
445 1998 584 2059 quamque
604 1981 642 2039 nit
662 1998 781 2052 veram,
813 1979 888 2059 qnod
915 1981 943 2039 in
963 1977 1082 2039 Psalmo
1102 1978 1216 2043 cnaitlt

114 2074 194 2147 (cap.
210 2060 284 2145 00.)
335 2082 387 2124 eac
408 2072 508 2123 noster
528 2064 558 2122 in
576 2064 656 2125 cneio
677 2064 781 2135 omnia,
805 2082 879 2143 qnae
895 2063 999 2136 voluit,
1022 2064 1106 2125 iecit·
1145 2054 1219 2137 M

114 2149 214 2231 atique
241 2167 300 2211 aon
328 2156 373 2207 ert
398 2165 516 2207 terame
545 2147 570 2206 ai
598 2148 690 2226 eliqua
720 2147 824 2219 noluit,
855 2158 886 2209 et
911 2166 967 2207 noe
996 2146 1075 2209 iecit.
1117 2142 1218 2209 Nn!

115 2250 188 2313 erpo
205 2228 330 2313 adqtid,
352 2230 410 2292 aiei
431 2229 621 2308 Omnipotens
642 2229 705 2289 iieri
726 2230 814 2302 velit,
837 2231 883 2291 vel
904 2228 1025 2290 aincado
1047 2240 1081 2291 nt
1099 2230 1160 2303 flat,
1176 2222 1219 2289 'td

116 2316 180 2397 ipee
200 2312 344 2377 iaciendo.
387 2309 655 2377 Necdnbitandnm
677 2311 856 2385 eet,1)enm
879 2315 976 2374 secere
1000 2312 1088 2387 bene,
1114 2306 1219 2379 niani·

116 2400 200 2472 lieri,
231 2415 416 2479 qaaccnaqac
443 2398 515 2457 duat
540 2398 623 2457 meio.
668 2396 734 2457 Non
760 2394 835 2457 enim
864 2397 919 2458 hoe
947 2398 1003 2457 aiei
1031 2400 1109 2460 inite
1128 2392 1219 2459 iedt'!

118 2482 198 2545 ainit.
242 2481 379 2556 Quamvis
408 2498 480 2559 ergo
507 2499 579 2559 quae
610 2482 682 2541 maia
709 2492 792 2553 sunt,
834 2482 863 2541 in
892 2493 1024 2561 quanto·
1054 2481 1129 2543 ιιιιΙι
1153 2484 1218 2552 ιθ.

119 2585 176 2626 aon
196 2565 254 2624 tint
274 2565 365 2625 boun:
391 2574 484 2624 tamen
507 2574 538 2623 ut
558 2584 613 2624 non
636 2565 725 2624 coium
747 2564 838 2637 hona,
860 2564 912 2626 ned
929 2567 1015 2626 etiam
1033 2566 1092 2625 sint
1105 2560 1219 2637 etmh,

117 2650 222 2709 honam
242 2648 298 2708 est.
342 2646 416 2706 Nam
438 2649 495 2708 nisi
518 2660 598 2709 esset
617 2647 671 2707 hoe
693 2649 815 2721 bonum,
838 2659 868 2706 nt
885 2660 984 2710 essent
998 2661 1028 2709 et
1043 2650 1136 2709 maia:
1158 2642 1219 2709 affl

119 2730 204 2793 modo
232 2750 298 2791 ease
327 2732 490 2791 cinerentur
523 2730 559 2792 ab
586 2731 788 2811 omnipotente
821 2730 907 2794 bono.
959 2732 1015 2792 Coi
1052 2726 1219 2812 procuideffi

120 2835 202 2896 quam
223 2816 309 2875 iaeiie
337 2814 477 2894 estquod
499 2816 558 2875 vnit
578 2816 693 2888 faeere,
720 2826 776 2873 tam
799 2816 882 2874 facite
905 2827 967 2888 cst,
1001 2817 1077 2894 qnod
1099 2836 1156 2876 noe
1173 2810 1219 2873 ιιΙ

120 2916 199 2971 esse,
223 2919 280 2959 aon
301 2899 408 2958 sinere.
438 2898 504 2958 dioc
526 2900 581 2957 nisi
604 2898 764 2970 credamus,
787 2901 963 2977 periclitatur
984 2902 1074 2979 ipsum
1098 2899 1164 2961 fidei
1180 2912 1219 2957 ιι·

120 2995 199 3043 atrae
219 2983 343 3054 initium,
367 3001 422 3059 qua
443 3002 495 3041 nos
517 2982 545 3040 in
567 2981 662 3041 Deum
683 2984 902 3061 omnipotentem
923 2983 1044 3044 eredere
1058 2986 1219 3061 eoniitclq

120 3063 251 3125 Tandem
276 3065 428 3124 clausulam
458 3062 548 3124 addit.
578 3072 771 3144 (enp.100.)
814 3067 897 3127 Haec
927 3079 992 3127 sunt
1016 3086 1122 3147 mngna
1149 3072 1219 3147 opti!

120 3146 256 3221 Domini,
277 3148 419 3227 exquisite
442 3148 470 3206 in
491 3166 590 3206 omncs
614 3149 771 3208 voluntates
789 3151 869 3208 eius:
895 3161 923 3210 et
945 3160 999 3209 tarn
1020 3153 1168 3230 sapienter
1182 3164 1219 3209 u·

123 3230 246 3310 quisita,
270 3240 301 3290 ut
313 3248 377 3289 enm
398 3229 528 3307 angelica
548 3241 577 3289 et
590 3229 710 3291 duntona
724 3244 855 3292 ereatura
874 3245 1039 3311 peccasset:
1059 3234 1088 3295 id
1106 3244 1160 3306 est,
1178 3246 1219 3291 ιι

123 3312 199 3393 quod
213 3315 279 3384 itte,
301 3311 354 3373 oed
371 3311 446 3391 quod
461 3314 549 3372 noluit
560 3315 620 3393 ipen
636 3316 770 3386 fecisset,
793 3318 879 3375 etiam
894 3338 946 3397 pen
957 3317 1076 3379 eandem
1089 3328 1219 3389 ercntnmt

123 3397 297 3457 votnntntcn
306 3438 317 3468 ‚
338 3414 393 3475 qao
405 3397 509 3455 iactam
525 3397 657 3476 estquod
673 3409 787 3458 creator
800 3402 906 3473 notuit,
941 3404 1071 3480 imploret
1087 3404 1150 3482 ipse
1164 3388 1219 3479 pati

124 3480 232 3552 votuit,
247 3478 321 3540 bene
337 3490 418 3539 utens
436 3490 465 3539 et
482 3481 562 3539 maiia
579 3491 709 3560 tanquam
722 3502 829 3543 summo
850 3483 886 3543 ad
909 3504 1005 3545 eorum
1020 3485 1219 3551 tannnnioncn

125 3583 197 3643 quoe
220 3566 295 3623 inste
316 3561 538 3641 praedestinavit
557 3562 593 3622 ad
615 3584 753 3643 poenam,
775 3578 804 3625 et
826 3566 860 3626 nd
883 3587 979 3627 coram
1009 3572 1149 3642 salntem,
1170 3580 1219 3647 ῃΙ

126 3646 250 3725 benigne
272 3644 493 3725 praedestinavit
514 3645 549 3705 ad
570 3650 701 3726 gratiam.
739 3650 880 3723 anntnnn
902 3655 976 3711 enim
999 3652 1034 3711 ad
1056 3655 1138 3733 ipnoe
1156 3646 1219 3732 petii

127 3741 194 3803 net,
216 3729 289 3809 quod
302 3729 382 3790 Deae
396 3731 502 3800 aoiuit,
526 3732 666 3792 iecerunt.
699 3734 840 3806 Quantum
862 3754 932 3795 vero
955 3735 990 3794 ad
1012 3734 1219 3816 omnipotenti!

127 3814 206 3884 Dei,
228 3812 305 3874 atilio
325 3811 407 3874 modo
426 3813 452 3872 id
467 3814 581 3875 efficere
597 3817 756 3876 valuerunt.
782 3818 846 3876 iioe
881 3820 963 3898 uippc
976 3821 1039 3898 ipso
1054 3818 1130 3900 qnod
1146 3826 1219 3881 coa!

128 3896 187 3959 Dei
208 3897 378 3956 voluntatem
402 3898 549 3971 iecerunt,
574 3897 609 3959 de
624 3901 696 3979 ipsis
711 3902 786 3960 iacta
801 3913 846 3961 est
895 3904 922 3963 ei
938 3904 1079 3967 voluntas.
1126 3904 1219 3983 Propo

131 3999 182 4042 ret
196 3998 315 4059 nemque
331 3998 431 4057 inagna
450 4001 537 4059 opero
551 3982 666 4043 Domini
680 3986 820 4063 exquisita
838 3986 865 4044 in
880 4006 978 4046 omnen
992 3989 1155 4049 voluntates
1169 3987 1219 4049 citt

131 4076 163 4127 ttt
183 4064 255 4125 miro
276 4074 307 4123 et
327 4063 463 4123 inettnbitt
487 4063 568 4125 modo
591 4088 645 4125 non
669 4068 717 4126 tint
736 4080 851 4148 praeter
872 4072 935 4129 eiua
957 4072 1153 4145 voluntatem,
1174 4086 1219 4153 μ

132 4149 217 4209 etiem
238 4156 338 4207 contrn
359 4148 422 4207 eins
440 4149 631 4212 voiuntateme
653 4153 717 4230 quin
739 4170 794 4211 non
817 4154 910 4225 lieret,
932 4156 957 4215 si
974 4175 1030 4214 non
1046 4158 1173 4217 sineret:
1194 4168 1219 4213 at

132 4233 229 4311 atique
249 4231 349 4290 coiens
371 4233 461 4303 sinit,
484 4231 534 4291 eod
555 4234 663 4295 volcas.
709 4233 791 4295 iiaee
815 4256 903 4315 panea
923 4257 960 4297 er
982 4241 1078 4300 moitis
1092 4254 1219 4318 excerpti

132 4314 231 4389 liduit,
255 4311 330 4375 ande
351 4315 527 4396 perspiciant
551 4316 694 4389 iectorce,
722 4338 804 4398 qnam
826 4320 989 4384 verecunda
1010 4324 1108 4387 fronte
1128 4322 1219 4404 Piget
