2648 4928
349 299 544 369 Declarstio
571 262 823 370 Thomniensis.
1061 296 1134 375 681
1253 386 1258 393 .

99 477 169 558 lque
195 475 380 538 inchoandam
403 495 457 557 per
482 474 619 558 Spiritum
641 476 674 539 S.
696 480 931 554 renovationem,
963 496 1017 542 sen
1040 479 1138 559 liege-
1238 514 1241 519 ·

99 563 221 624 tionem.
352 590 356 599 ·
1149 600 1153 615 =

111 655 145 709 2.
190 644 255 704 llec
275 644 363 723 igitur
381 643 750 724 Sacramentum,-prepter
770 646 861 724 ipsam
891 644 1003 707 Christi
1026 646 1138 709 institu-

99 746 149 801 am,
168 739 198 787 ut
217 726 345 788 Medium
367 727 466 787 salutis
492 724 686 799 ordinarium,
712 731 827 788 omnino
846 731 1038 791 necessarium
1059 748 1137 804 esse,

99 813 167 887 piosa
196 811 367 871 asserimus:
394 811 520 891 quamvis
546 811 745 871 necessitatem
776 812 850 872 illam
882 811 956 874 adeo
981 812 1139 875 absolutam

120 916 173 956 nou
196 905 360 966 statuamus,
383 904 424 965 ut,
447 894 605 974 quicunqne
630 895 694 954 sine
713 894 861 976 Baptismo
881 907 1003 957 externe
1027 914 1066 959 ex
1084 898 1140 959 hae

116 979 291 1050 excesserit,
322 979 391 1038 sive·
415 979 544 1051 inlans,·
559 979 621 1038 sive
641 976 785 1053 Adultus,
816 997 982 1059 quocunque
1002 976 1035 1038 tt
1055 1000 1139 1056 mu,

99 1078 118 1121 ι
151 1062 223 1122 citra
255 1080 366 1122 omnem
403 1071 593 1140 contemptum
628 1059 755 1137 aecidat,
788 1073 942 1141 prepterea
973 1066 1140 1139 necessario

99 1133 203 1204 uanius
224 1146 271 1204 nit.
316 1144 374 1204 llic
393 1145 486 1224 potius
508 1143 649 1223 Regulam
675 1144 751 1205 illam
779 1146 902 1206 maxim
930 1145 1027 1206 ruere
1045 1145 1140 1211 arelli-

99 1227 199 1309 ,quud
220 1248 276 1289 non
296 1226 437 1303 Privatie,
460 1226 512 1289 seul
532 1238 709 1308 contemptus
729 1228 908 1291 &omenti
928 1226 1051 1294 &muel

267 1420 846 1525 'De'SacraC'oena

116 1572 144 1627 i.
188 1563 269 1624 Sicut
286 1562 448 1644 Baptismus
478 1575 523 1624 est
544 1565 759 1626 Sacramentum
780 1565 945 1646 Spiritualis
972 1572 1093 1627 nume.
1110 1568 1141 1627 in

99 1642 147 1707 isto
169 1647 420 1726 Regcnerationis,
452 1650 492 1708 ita
511 1648 602 1708 Sacra
626 1647 728 1709 Coena
751 1659 799 1710 est
817 1650 1033 1711 Sncnmenlom
1056 1651 1141 1730 spiri·

99 1733 165 1791 ain
187 1730 286 1791 eodem
309 1732 493 1805 Nutritionis,
516 1751 572 1811 quo
593 1730 728 1793 Chustus
751 1734 815 1815 ipse
844 1752 899 1814 per
918 1742 1036 1793 externa
1056 1734 1142 1814 Sym·

113 1810 204 1874 Panis
224 1824 255 1875 el
276 1815 355 1887 Vini,
380 1816 477 1877 Verbo
497 1817 560 1876 eius
583 1816 773 1889 sanctificata,
791 1834 864 1895 quse
884 1819 915 1877 in
933 1818 980 1876 sui
999 1817 1143 1878 Sacrilieii

99 1900 194 1957 oriam
217 1900 406 1978 corporaliter
427 1911 457 1960 et
478 1899 631 1961 visibiliter
650 1898 740 1961 edere
766 1910 796 1961 et
816 1899 1038 1972 bibere'iusnit,
1068 1898 1144 1961 Cor·

99 1996 184 2041 snum
205 2002 259 2061 pro
281 1983 361 2042 nobis
388 1982 521 2044 traditum
553 1993 584 2043 et
612 1984 788 2061 Sanguinem
802 1982 851 2043 :N.
872 1984 957 2044 Test.
984 2002 1038 2063 pro
1056 1984 1142 2043 uulsis
1274 1996 1282 2017 ·

99 2078 165 2137 um,
190 2068 220 2126 in
246 2066 348 2127 Cibum
371 2086 406 2127 ac
431 2067 534 2127 Potum
556 2066 846 2146 spiritualem-Vitae
873 2078 1030 2141 aetemae,
1058 2068 1142 2127 nobis

99 2148 221 2210 illinere
239 2161 270 2208 et
289 2151 498 2210 cunimunicare
516 2159 650 2209 testatur.

99 2238 141 2295 ἢ.
186 2230 306 2293 Constat
327 2234 414 2312 igitur
428 2234 481 2293 hoe
497 2232 710 2293 Sacramentum
732 2230 833 2292 Rebus
847 2232 991 2305 terrenis,
1009 2230 1091 2294 Pane
1110 2244 1142 2293 et

99 2352 113 2385 ‚
128 2329 161 2377 et
168 2314 364 2391 Coelestibus,
378 2315 508 2396 Corpore
523 2326 553 2374 et
563 2316 708 2394 Sanguine
720 2312 851 2387 Domini,
867 2333 940 2396 quae
952 2315 1066 2375 diverso
1076 2318 1141 2395 qui·

106 2398 213 2472 modo,
234 2410 371 2480 utraeque
387 2410 479 2459 minen
499 2399 660 2469 uerissime,
681 2398 896 2459 realissimeue
908 2400 1142 2478 praesentiente

99 2500 102 2531 ἱ
120 2483 313 2557 exhibentem
332 2503 445 2562 nempe,
453 2483 603 2543 Terrcuae
618 2481 700 2541 mollo
709 2480 853 2552 Naturali,
864 2481 1015 2561 Corporali
1026 2493 1057 2543 et
1067 2482 1144 2543 Ter·

99 2584 110 2621 =
132 2568 285 2628 coelestes
299 2587 368 2626 vero
382 2565 633 2646 moloSpirituali,
650 2564 777 2645 Mystico
791 2576 821 2625 ct
837 2564 977 2636 Caelesti,
991 2584 1075 2645 quem
1083 2565 1143 2625 lia·

111 2640 260 2712 etSensui
274 2651 486 2711 inscrutabilem
507 2647 649 2710 solaFisle
668 2657 814 2719 teocmns;
836 2648 1003 2728 quavcrtu
1023 2653 1143 2728 premis·

99 2746 135 2806 n,
164 2744 196 2795 ct
212 2734 287 2795 Rem
309 2737 397 2817 ipsam
419 2734 608 2810 promissam,
639 2729 774 2791 videlicet
800 2731 945 2793 Christum
975 2732 1143 2793 crucifixum

103 2818 243 2878 omnibus
265 2820 324 2877 suis
344 2817 504 2887 beneficiis,
527 2813 776 2895 apprehendimus.
902 2844 909 2857 ·

102 2906 143 2964 ὃ.
186 2901 264 2961 ilinc
285 2902 369 2961 etiam
392 2901 453 2961 iles
474 2910 620 2971 terrenae,
642 2896 731 2957 Panis
748 2908 780 2959 ct
800 2897 915 2968 Vinum,
938 2916 1006 2957 uere
1027 2908 1094 2958 sunt
1113 2908 1145 2957 et

99 2993 159 3047 liar
178 2986 268 3064 ipsum
288 2984 400 3063 Corpus
433 2993 463 3042 et
485 2983 607 3059 Sanguis
629 2979 756 3052 Christi,
788 3000 844 3040 non
869 2980 980 3059 quidem
1011 2981 1144 3041 wistan·

99 3082 155 3144 er,
184 3079 234 3128 aut
260 3067 473 3146 corporaliter,
502 3064 552 3124 sed
580 3062 832 3126 sacramentaliter
852 3073 882 3124 et
903 3062 1050 3144 Mystico,
1074 3084 1141 3136 ceu,

102 3164 140 3212 et
165 3162 283 3232 propter
310 3151 451 3211 Unionem
485 3148 743 3219 sacramentalem,
772 3167 845 3227 quae
871 3168 926 3206 uon
953 3148 1086 3206 consistit
1112 3149 1143 3206 in

124 3236 353 3316 Significatione,
378 3251 470 3313 neque
490 3243 595 3292 mutum
626 3233 656 3290 in
682 3230 908 3309 Oisignatione,
932 3229 985 3290 sesi
1006 3231 1091 3290 eliam
1112 3232 1143 3305 in

99 3331 181 3381 tneta
205 3320 254 3378 illa
283 3329 313 3378 et
337 3318 507 3378 simultanea
532 3315 589 3376 Rei
614 3315 762 3375 Terrenus
782 3324 812 3374 et
832 3312 994 3387 Caelestia,
1015 3314 1155 3395 quamn.

99 3400 231 3476 taimulla,
253 3402 439 3462 Exhibitione
459 3411 490 3462 et
510 3399 787 3458 communicatione.

111 3497 145 3551 4.
189 3486 300 3547 Eodem
321 3506 408 3546 seusu
429 3483 564 3544 dixerunt
583 3483 725 3554 Veteres,
753 3492 783 3541 et
812 3500 863 3539 nos
885 3499 947 3540 eum
970 3480 1058 3559 ipsios
1087 3484 1143 3542 Pu·

112 3584 142 3633 et
165 3573 268 3631 Vnicum
289 3574 319 3630 iu
341 3573 451 3650 Corpus
471 3580 502 3628 et
520 3570 696 3646 Sanguinem
716 3567 843 3637 nutari,
872 3584 927 3624 nou
948 3563 1061 3643 quiden
1083 3566 1145 3644 ipsa

99 3657 188 3715 lautia
206 3665 236 3713 et
255 3654 377 3725 Natura,
401 3650 453 3712 sed
473 3651 536 3712 Usu
558 3662 588 3711 et
607 3650 721 3721 Officio,
745 3650 775 3708 in
795 3668 850 3728 quo
863 3647 954 3707 Sacra
975 3647 1047 3708 haec
1059 3647 1145 3729 Sym-

99 3759 173 3799 nnon
196 3748 251 3797 tam
274 3737 304 3798 tu
326 3756 392 3798 esre
414 3736 564 3807 dicuntur,
585 3732 659 3812 quod
685 3750 771 3791 sensu
804 3733 976 3810 percipitur,
997 3750 1080 3811 quam
1102 3729 1143 3803 id,

99 3815 156 3883 lvi
176 3821 381 3888 Prouissiunis
401 3824 430 3881 iu
454 3822 489 3878 iis
514 3822 640 3879 intuetur
661 3826 690 3875 et
709 3826 840 3894 acceptet
861 3814 943 3875 lisles.

115 3911 147 3969 ὁ.
191 3906 269 3966 ltine
297 3918 326 3966 et
351 3916 411 3964 tota
435 3904 511 3962 actio
538 3903 571 3963 S.
595 3899 712 3960 Coenae
745 3899 924 3959 Sacrificium
952 3895 1145 3957 avunclum

99 3986 135 4050 ito
156 3987 272 4062 dieitur,
296 3988 429 4049 videlicet
448 3985 696 4046 Eucharisticunr:
717 3982 782 4060 quia
801 3980 892 4041 Sacra
909 3981 980 4040 liaeo
996 3979 1144 4057 Symbola,

99 4089 108 4131 n
127 4075 248 4152 mystice
272 4084 337 4132 sunt
356 4072 469 4150 Corpus
494 4081 525 4130 et
545 4069 668 4144 Sanguis
690 4063 816 4136 Christi,
839 4063 1038 4124 Eucharistica
1058 4080 1146 4141 prece

99 4157 293 4229 resternatur,
318 4169 347 4217 et
367 4157 449 4216 nobis
470 4152 728 4221 communicantur,
754 4149 783 4207 in
802 4160 911 4227 gratam
934 4146 1147 4206 Commemora-

99 4258 159 4321 ου,
182 4252 213 4300 et
233 4240 344 4302 fidelem
374 4240 600 4320 Applicationem
624 4233 707 4293 Unici
734 4231 813 4292 illius
841 4231 1001 4302 Sacrilieii,
1025 4246 1096 4289 vere
1116 4238 1147 4287 et

99 4325 149 4387 uie
168 4322 376 4406 Propitiatorii,
399 4324 488 4384 wmel
511 4324 539 4381 in
560 4317 654 4380 Cruee
673 4316 793 4398 peueti.
