2648 4928
264 300 319 369 lle
345 262 537 371 discrimiue
559 302 669 394 Legis
694 308 729 374 et
753 278 948 401 Evangelii.
1086 306 1162 387 tte
1241 246 1243 251 Ι

579 478 619 545 v.

199 593 256 657 on
278 594 521 658 urscurrune
543 548 664 660 neers
685 596 740 660 nr
760 598 998 664 evincunt.

126 727 210 791 Adeo
232 732 414 791 neccessario
442 742 488 791 est
512 750 581 791 vcra
611 735 737 813 cognitio
759 731 930 805 discriminis
952 737 1030 798 iuter
1047 735 1160 820 Legem
1276 766 1283 779 ·

93 808 298 893 ffirmgeliom,
320 825 352 873 ut
373 814 427 874 hoc
449 815 574 887 omisso,
596 835 650 876 nec
677 816 744 897 quid
773 819 812 878 sit
839 815 974 881 Ecclesia
995 819 1075 895 Dei,
1105 845 1160 885 nec

93 894 182 957 nuda
198 896 314 957 diderat
334 898 370 959 ah
391 897 517 959 Ethoica
541 899 692 978 sapientis,
716 919 771 961 nee
793 902 933 982 quomodo
955 901 1038 966 detur
1058 909 1161 969 nmis·

96 990 300 1059 peccatorum,
321 1001 376 1043 nec
398 1001 471 1062 quae
492 982 549 1042 siut
568 982 708 1043 henelicia
729 983 798 1045 Filii
819 983 890 1059 Dei,
912 987 1035 1069 intelligi
1054 992 1158 1071 possit.
1191 994 1196 1004 '

93 1074 165 1124 uter
185 1064 255 1124 alias
274 1074 367 1125 autem
388 1065 472 1125 valde
493 1066 621 1126 illustres
643 1065 821 1128 differentius
847 1087 885 1131 ex
914 1072 1026 1133 ratione
1046 1075 1161 1135 notitia·

93 1184 122 1219 ‚
140 1148 231 1209 forms
249 1150 481 1229 promissionum,
504 1149 637 1223 obiectis,
661 1160 693 1211 et
711 1149 824 1213 effectis
845 1171 898 1213 seu
920 1152 1023 1215 tinihus
1044 1158 1158 1236 sepien-
1268 1216 1271 1223 .

108 1232 235 1313 petitas:
271 1241 331 1293 toto
367 1233 453 1292 etiam
485 1252 593 1310 genere
627 1232 763 1294 differunt
789 1234 856 1297 Lex
896 1245 927 1297 et
951 1235 1155 1319 Evangelium.

93 1328 124 1373 ι
146 1316 326 1376 manifestum
348 1325 413 1388 est,
436 1315 514 1376 aliod
542 1336 608 1377 esse
635 1328 781 1379 aeternam
806 1328 838 1380 et
861 1318 1005 1381 inmotam
1031 1322 1180 1385 normam

93 1392 213 1459 iduato
232 1410 328 1460 neate
348 1399 463 1471 diviua,
488 1401 710 1480 praecipientem
738 1403 881 1482 integram
901 1402 1106 1480 obedientiam,
1127 1419 1158 1469 et

93 1480 208 1551 rhum
234 1483 504 1545 sesimnutahiliter
536 1484 716 1546 damnantem
749 1505 806 1546 nou
839 1484 979 1549 hahentes
1015 1489 1158 1570 integram
1290 1516 1298 1535 =

93 1558 243 1639 Ιίιιιίω,
266 1568 342 1626 omui
364 1587 483 1647 prorsus
504 1567 533 1626 iu
553 1578 701 1629 aeternum
722 1587 774 1649 spe
802 1569 905 1631 veniae
935 1573 1085 1651 praecisa:
1116 1572 1158 1635 Et

93 1640 303 1709 {muciouem
319 1671 375 1710 non
397 1661 503 1711 tantum
531 1652 706 1730 mitigantem
735 1653 810 1713 hunc
838 1653 984 1731 rigorem,
1012 1655 1157 1737 lapsisque

93 1742 124 1791 Ι
140 1734 242 1794 reniso
268 1735 455 1813 aperientem,
479 1752 577 1793 verum
600 1736 685 1796 etiam
707 1733 831 1807 modom,
854 1736 984 1818 unaque
1004 1739 1158 1801 seu'ordi·

93 1834 128 1887 ι,
146 1826 210 1897 post
229 1816 355 1896 lapsum,
375 1819 508 1879 amissam
528 1816 587 1879 Dei
608 1819 729 1898 gratiam
749 1818 957 1899 recuperandi,
986 1823 1157 1886 suavissime

94 1910 316 1961 monstrantem.

125 1980 195 2044 Cum
216 2003 288 2064 ergo
307 1984 373 2045 Lex
393 1996 541 2065 utrumque
563 2005 616 2066 per
637 2005 670 2047 se
692 1987 822 2066 ignoret,
845 1997 877 2048 et
899 1987 1011 2068 gratiae
1030 1991 1155 2069 promis·

93 2080 165 2140 ιιι,
184 2078 215 2129 et
235 2066 346 2129 modum
367 2067 504 2129 redeundi
528 2070 557 2128 in
578 2072 716 2148 gratiam:
740 2081 806 2150 apte
826 2071 991 2150 complexus
1012 2072 1156 2133 estChn'.
1216 2120 1222 2131 .

93 2164 96 2195 t
126 2164 258 2214 summam
278 2151 443 2231 Evangelii,
464 2152 562 2213 Lucae
583 2154 693 2226 ultimo,
720 2153 822 2213 iuhens
845 2152 1008 2234 praedicari
1036 2155 1067 2215 iu
1094 2159 1156 2218 No·

93 2250 121 2291 ι
137 2236 195 2297 Suo
213 2238 415 2316 poenitentiam
446 2247 479 2294 ct
502 2237 698 2296 remissionem
726 2226 920 2315 pec'catorum.
961 2235 1079 2298 Nscio
1100 2237 1155 2300 hac

93 2316 203 2381 duom
216 2321 369 2400 improprie
387 2340 442 2379 vox
456 2317 609 2398 Evangelii
622 2321 747 2399 ponitur,
764 2338 827 2378 com
847 2329 996 2398 utrumque
1011 2319 1082 2379 velit
1102 2340 1157 2389 au·

93 2400 164 2463 Ιίιιί
180 2404 216 2463 ia·
231 2406 353 2466 Nomine
375 2406 445 2475 Suo,
468 2403 523 2462 hoc
545 2413 603 2475 est,
625 2413 742 2483 propter
762 2420 842 2463 suum
864 2402 998 2476 officium,
1011 2401 1056 2475 ,sd
1076 2403 1154 2484 quud

93 2484 202 2547 dmin
223 2488 302 2547 veuit
324 2489 352 2546 iu
376 2487 450 2546 hunc
469 2486 611 2546 mundum.

126 2566 165 2629 llt
183 2583 276 2632 sutem
296 2571 415 2630 officium
437 2568 628 2642 illedintoris,
658 2587 817 2648 nomenque
838 2565 949 2628 Christi
971 2569 1101 2629 crucifixi
1122 2578 1153 2631 et

93 2654 212 2728 uitali,
234 2655 392 2714 ministerio
412 2653 502 2733 Legis
524 2672 576 2733 per
601 2672 646 2725 se,
670 2652 775 2723 idest,
805 2651 869 2711 sine
889 2649 1042 2730 Evangelii
1063 2654 1155 2714 inter·

93 2738 208 2810 atione,
237 2738 336 2818 procul
362 2737 447 2796 duhio
475 2739 609 2815 ignotum
627 2746 689 2797 est:
726 2738 876 2814 (nusquam
909 2735 985 2796 euim
1012 2736 1042 2797 in
1070 2735 1153 2816 Lege

93 2834 103 2873 t
123 2818 311 2882 declaratione
324 2821 473 2899 Evangelii
487 2823 593 2879 mentio
612 2821 668 2879 ulla
681 2818 713 2879 ht
726 2818 822 2891 officii,
835 2836 939 2878 causae
954 2818 1110 2892 missionis,
1123 2831 1154 2881 et

93 2904 241 2967 uitiorum
261 2906 341 2975 Filii,
365 2906 415 2965 sed
437 2915 543 2963 tantum
564 2905 593 2963 in
615 2901 789 2981 Evangelio)
809 2902 853 2962 lta
874 2901 967 2962 Filius
993 2900 1052 2963 Dei
1071 2923 1152 2963 suum

93 2981 242 3061 istoriam,
278 2988 351 3069 quod
389 3000 488 3069 postea
523 2985 731 3047 commendavit
756 2985 924 3065 Apostolis,
955 2986 1152 3066 propriissime

93 3072 175 3132 =rilrit
192 3072 297 3133 Matth.
320 3081 355 3136 9:
384 3094 446 3133 cum
477 3073 642 3131 sevenisse
663 3070 801 3140 affirmat,
824 3078 855 3128 ut
882 3078 1000 3129 vocaret
1021 3079 1152 3147 peccato·

106 3154 143 3215 sd
162 3158 377 3236 poenitentiam,
401 3157 453 3216 hoc
476 3166 530 3226 est,
556 3165 586 3214 ut
604 3153 818 3232 alihiexplicat,
842 3151 878 3212 ad
898 3151 1150 3230 evangelizandum

93 3239 219 3311 perillus.
263 3240 308 3300 Ac
330 3240 434 3300 Petrus
462 3240 627 3299 dulcissime
651 3239 760 3316 iuquit,
783 3235 929 3296 Christum
951 3237 1151 3296 resuscitatum

93 3323 238 3384 usitatum
260 3342 326 3384 esse
348 3323 447 3383 dextro
470 3322 546 3394 Dei,
570 3333 656 3402 atquo
686 3321 868 3381 coustitutum
895 3317 1001 3379 olleo
1020 3317 1152 3380 Salvato-

120 3405 155 3467 st
176 3404 296 3467 dandam
318 3409 520 3487 poenitentiam
542 3426 576 3466 ac
606 3406 804 3465 remissionem
829 3412 1021 3482 peecatorum.
1065 3401 1151 3464 Unde

93 3491 230 3571 territur,
248 3501 278 3551 et
293 3493 346 3550 vim
359 3491 459 3568 Legis,
483 3502 512 3549 et
533 3491 653 3550 officium
668 3487 854 3559 Mediatoris,
871 3485 999 3566 adeoque
1018 3487 1152 3549 virtutem
1274 3508 1277 3513 ·

93 3574 137 3635 tis
156 3586 187 3635 et
206 3577 427 3636 resurrectionis
448 3574 557 3633 Christi
577 3562 745 3645 obscurari,
777 3571 899 3652 denique
924 3569 997 3630 haec
1018 3571 1081 3649 ipsa
1101 3568 1152 3631 do·

93 3670 144 3719 ise
170 3660 265 3737 capita
292 3660 452 3738 periculose
484 3657 639 3731 conlundi,
672 3658 730 3717 nisi
759 3654 944 3732 Euangeliuru
974 3655 1089 3731 proprie
1110 3654 1152 3713 lo··

93 3740 147 3802 sto
176 3744 359 3821 profiteamur
384 3762 449 3803 esse
470 3760 567 3802 rocem
597 3739 794 3820 promissionis
815 3738 938 3815 gratiae,
961 3738 1044 3795 simul
1068 3755 1151 3812 pree·

94 3827 156 3885 ntis
177 3828 398 3906 poenitentiam,
426 3827 479 3885 hoc
499 3836 563 3896 cst,
587 3823 789 3903 praecipientis
818 3821 977 3881 Salutarem
1003 3818 1038 3878 ad
1055 3816 1151 3880 Deum

93 3910 269 3981 tentonem,
301 3931 382 3990 ψιιω
409 3910 540 3989 Apostoli
570 3910 714 3967 nominant
734 3898 917 3982 μετάνοιαν,
945 3903 1026 3961 coins
1054 3914 1149 3981 partes

114 3994 142 4053 l.
164 3992 308 4054 Cuntritio
329 4013 366 4053 ex
386 3993 479 4071 Lege,
502 3991 552 4052 sed
576 4000 731 4068 temperata
753 3988 878 4047 balsamo
896 3984 1061 4063 Evangelii,
1084 3984 1150 4044 siue

108 4078 195 4137 timor
208 4078 323 4139 servilis
345 4080 454 4149 existit,
477 4079 525 4156 qui
546 4086 591 4134 cst
613 4076 678 4151 luga
701 4083 730 4132 ει
751 4072 879 4131 lrcmitus
894 4066 1146 4130 adversuslleum.

117 4162 193 4222 enim
217 4181 268 4239 per
291 4180 325 4220 se
345 4174 391 4221 est
410 4172 517 4221 tantum
540 4159 726 4219 ministerium
750 4164 885 4215 aeternae
904 4150 1092 4213 damnationis
1120 4160 1150 4211 et
1196 4224 1201 4233 .

93 4247 144 4307 tis.
196 4244 237 4305 ll.
266 4244 389 4306 Fiducia
413 4248 443 4306 iu
471 4245 616 4306 Christum
643 4259 680 4301 ex
713 4240 774 4300 solo
799 4237 974 4317 Evangelio,
1004 4230 1079 4313 quod
1105 4244 1151 4294 est

93 4329 222 4393 amrium
245 4326 371 4409 Spiritus
389 4349 425 4392 sc
451 4331 527 4390 vitae
534 4368 546 4401 ,
578 4324 706 4405 adeoque
730 4322 857 4407 potentis
880 4320 940 4382 ssei
965 4314 1002 4380 sd
1029 4316 1149 4380 salutem

888 4412 933 4484 lt)
