2648 4928
190 370 195 377 ‚
269 258 358 335 ,Bo
380 279 527 353 pomona
546 259 691 333 Christi.
930 203 1070 359 ’ὮθξιιΙΙ
1160 198 1163 203 Ι

99 441 172 521 rique
191 449 237 501 est
257 439 407 502 eeleritate
429 441 643 520 cogitationum,
667 444 745 507 seira
766 444 907 526 personae
928 449 1048 531 integri·

99 544 121 585 ιο
141 519 299 586 necessitas
319 525 399 603 cogit
416 544 470 584 nos
492 522 610 599 dicore,
639 537 757 589 naturae
784 530 880 591 earnis
902 527 1071 595 Deitaten-
1135 524 1138 535 '
1186 514 1190 525 ⁸

111 618 160 667 aut
188 608 297 687 pariter
324 626 387 667 eum
411 605 530 669 Deitate
552 627 666 670 caruem
690 610 793 691 ubique
813 612 940 675 iocorum
961 614 1048 677 adeo·

99 698 146 751 ani
168 688 257 752 ossei
276 699 307 750 ιιι
326 690 473 768 praeclare
496 690 648 773 Nyssenns
669 693 698 753 in
718 693 873 758 Cateebbri
894 716 1047 777 arguerer·

99 793 127 835 re
161 775 263 874 merito
296 775 421 853 reguiam
448 772 580 874 Cassiani
619 776 791 876 referimus:
826 776 895 841 Nou
926 783 1047 845 tricoria

99 856 1062 1086 &diffidis.¹‘ibcid'iiiii‘iibdbibd'iss'
1093 1028 1095 1033 ‚

133 1069 145 1100 ,
337 1066 345 1086 Ι

319 1220 324 1231 .
465 1173 503 1228 ·2.
521 1172 647 1233 offldom
663 1173 774 1233 christi·
791 1184 795 1189 '

99 1288 191 1338 antem
212 1275 377 1358 mysterium
404 1274 460 1338 boe
486 1286 598 1339 omrem
626 1279 748 1341 omnium
775 1290 968 1345 ereaturarum
994 1304 1043 1345 ea·
1070 1328 1073 1333 -

99 1361 168 1422 edit:
205 1360 314 1421 Tamen
350 1360 437 1419 officii
460 1361 652 1423 consideratio
682 1383 785 1425 canoas
812 1358 870 1425 tum
894 1364 1041 1431 mkaudae

99 1463 209 1524 cunque
231 1445 362 1524 explieat.
406 1441 516 1504 Missus
546 1446 624 1507 eninr
649 1456 696 1519 est
722 1444 815 1509 Filias
842 1444 900 1509 Dei
925 1452 929 1459 '
972 1460 1040 1595 'pter

99 1548 150 1601 es,
173 1538 202 1587 ct
223 1537 342 1607 propter
361 1538 488 1587 uestram
508 1528 648 1602 saturon,
677 1539 709 1590 ut
728 1541 808 1591 erret
827 1549 952 1593 romnus
1002 1554 1040 1595 ex

99 1626 123 1671 ts
144 1613 262 1690 generis
282 1610 418 1683 bomani,
444 1610 499 1672 boe
522 1622 587 1685 est,
616 1622 647 1675 ut
669 1612 756 1675 beret
782 1610 948 1691 Medoen,
976 1616 1040 1679 Rr-
1076 1659 1080 1667 ι

99 1694 270 1766 lucubrentur,
291 1703 322 1753 et
342 1693 474 1754 Salvator
496 1706 605 1757 noster.

102 1796 137 1839 uc
162 1777 320 1857 redemptio
344 1789 442 1838 nostra
471 1778 553 1839 simui
580 1789 611 1839 et
633 1781 849 1861 perpessionem
871 1791 902 1841 ct
926 1780 1040 1844 destrb·

99 1862 180 1934 ortis,
202 1873 234 1921 ut
253 1861 421 1921 brevissime
435 1881 496 1922 reor
512 1863 661 1924 maximam
683 1864 860 1945 eloquamur,
881 1865 1039 1945 bagiuret,

99 1965 172 2017 taur,
199 1942 375 2024 eandemque
402 1955 531 2006 naturam
550 1948 680 2008 actiones
700 1947 863 2009 contrariae
878 1946 1037 2011 adamat:

99 2051 101 2087 ι
118 2030 233 2089 omniuo
246 2047 284 2087 ex
296 2026 417 2088 mirabili
431 2028 558 2090 iustitiae
568 2041 598 2090 et
610 2029 824 2102 misericordiae
844 2029 956 2093 divinae
967 2042 1039 2094 tem·

99 2155 107 2185 ‚
136 2121 168 2171 ut
194 2131 318 2191 persorm
345 2108 497 2171 mediatrix
525 2110 675 2174 distinetur
694 2112 815 2176 baberet
834 2123 973 2189 murae,
1001 2136 1043 2179 rte

105 2196 238 2267 interior,
261 2194 308 2255 uel
328 2192 365 2255 ab
383 2192 511 2255 eiusdem
531 2205 616 2274 guetn
638 2215 755 2275 promus
785 2198 919 2273 inmunis
940 2210 1038 2263 emota
1063 2252 1066 2257 .

99 2280 158 2339 ttris
180 2276 254 2359 qnod
275 2275 412 2338 remediis
431 2277 607 2356 congruebat
628 2277 751 2362 (beonia
775 2280 850 2363 eninr
881 2279 969 2341 rerba
990 2301 1040 2344 re·

101 2381 174 2423 unus
211 2372 296 2443 atque
319 2360 394 2422 idem
420 2358 569 2422 Mediator
597 2358 676 2437 Dei,
705 2372 736 2425 et
764 2362 925 2435 bominum,
953 2363 1040 2427 bomo
1066 2372 1094 2415 -'

99 2465 175 2518 esus,
196 2455 227 2507 et
248 2444 319 2505 mori
340 2454 437 2524 posset
458 2463 495 2505 ex
516 2464 585 2517 une,
607 2454 639 2505 et
658 2446 732 2506 mori
752 2464 808 2533 nop
824 2454 922 2527 posset
938 2448 982 2509 ex'
997 2440 1045 2509 ad-

99 2528 225 2591 ,dietum
247 2528 377 2588 lrenaei:
402 2526 484 2587 Sicut
501 2527 584 2587 bomo
606 2538 681 2604 erat,
703 2539 925 2603 attentaretur,
947 2530 989 2592 oio
1008 2542 1040 2593 et

99 2624 152 2686 at,
183 2623 215 2673 ιιι
244 2611 474 2691 glorificaretur,
496 2612 697 2690 requiescente
718 2610 831 2692 quidem
856 2611 977 2688 Verbo,
1008 2626 1041 2676 ut

99 2699 166 2770 tari,
189 2696 318 2774 crucifigi
346 2706 376 2754 et
403 2696 548 2756 muniret
573 2705 667 2754 tanen
688 2692 855 2758 bumauiteti
880 2697 978 2771 nubo,
1007 2708 1040 2758 ut

99 2800 181 2854 rere,
210 2790 241 2842 et
265 2778 414 2861 perferre,
442 2789 472 2838 et
503 2776 696 2854 benefacere,
726 2788 756 2841 et
784 2780 977 2857 resuscitare,
1007 2792 1039 2843 et

99 2944 249 3009 admodum
271 2947 358 3027 igitur
371 2954 534 3006 naturarum
563 2943 707 3006 distinctio
737 2934 913 3028 nequaquam
934 2945 1039 3011 dbrot-

99 3052 127 3093 ae
148 3033 294 3103 unitatem,
317 3050 371 3091 nec
391 3048 531 3110 personae
553 3030 645 3090 unitae
664 3028 811 3105 confundit
830 3041 963 3091 mturare
994 3030 1039 3092 ita

100 3134 229 3176 ommnne
248 3114 369 3175 oiiieium
384 3123 441 3185 est,
466 3111 503 3171 ad
523 3110 597 3193 quod
609 3123 728 3193 utraque
749 3122 850 3175 natura
869 3110 943 3195 qood
956 3132 1039 3175 auum
1134 3106 1138 3121 ¹

99 3211 150 3260 nt:
178 3198 280 3261 Verbo
307 3196 436 3280 quidem,
462 3194 537 3276 qnod
556 3194 647 3257 Verbi
675 3206 742 3270 est,
768 3198 921 3277 op'eraoter
946 3210 1038 3261 ¹earne

99 3320 102 3343 t
125 3285 219 3344 caruis
243 3293 303 3360 est,
323 3291 495 3360 exequente,
518 3280 593 3340 sient
618 3289 746 3343 returtm
769 3278 835 3340 oiim
856 3290 937 3341 certo
957 3280 1039 3342 iocu-

99 3369 180 3427 tirina
206 3367 282 3427 enim
310 3376 411 3425 natura
437 3383 504 3424 suas
530 3362 616 3423 habet
647 3363 776 3426 actiones
805 3380 869 3425 oum
893 3362 982 3426 Patre
1007 3374 1040 3426 et

99 3461 180 3523 nete,
212 3469 282 3509 uere
310 3447 420 3510 divinas
446 3457 477 3508 et
499 3448 670 3508 immensasr
703 3446 826 3508 bumana
844 3466 913 3508 vero
937 3458 1040 3510 natura
1165 3458 1168 3463 ’

99 3537 183 3607 titur,
208 3552 280 3613 quae
301 3531 439 3592 humanae
461 3542 581 3592 naturae
603 3530 785 3592 conueniunt.
815 3528 1041 3612 Bruttiosque

99 3636 162 3679 urae
184 3615 343 3677 actionibus
363 3612 500 3675 distincto
521 3613 604 3675 simul
625 3613 1040 3695 ctinseparatinncoucurren·

99 3711 175 3762 untur
195 3699 353 3760 communia
374 3698 422 3757 itta
442 3697 602 3770 benedicio,
633 3716 684 3758 sea
704 3698 946 3778 apostoles-ata,
966 3717 1041 3778 queo

99 3808 101 3840 ι
127 3803 285 3864 personae,
308 3791 339 3842 ct
359 3782 538 3841 nominantur
557 3781 685 3841 actiones
706 3778 901 3844 theandricae.
945 3781 1041 3844 Verbi

99 3869 230 3929 ransoitat
243 3865 339 3926 divina
357 3875 457 3926 natura
478 3864 640 3939 humanam,
661 3882 717 3925 nec
740 3865 894 3926 resuscitat
916 3865 1040 3944 reipsum

98 3972 150 4012 neo
178 3951 297 4011 moritur
319 3947 432 4021 diviua,
464 3947 517 4009 sed
539 3947 660 4008 bumana
674 3956 805 4031 ¹tantuma
824 3958 854 4010 et
875 3958 969 4009 tauron
989 3968 1041 4009 ro·

111 4031 204 4118 λόγου
224 4032 360 4114 approbat
381 4033 453 4093 bane
473 4028 676 4103 obedientiam,
698 4029 731 4090 in
749 4049 866 4112 eamque
886 4032 1041 4105 eenwntit,

99 4141 121 4180 nr
146 4139 203 4180 uon
232 4119 323 4178 minoe
352 4136 434 4197 quom
467 4116 593 4195 ipsamet·
614 4111 788 4191 obedientia,
811 4124 842 4176 et
864 4133 918 4195 pcr
937 4133 1043 4179 eonse-

99 4222 198 4265 versao
224 4200 430 4280 redemptionis
453 4209 568 4259 rosnae
595 4217 689 4279 opus,
712 4217 765 4261 reu
783 4198 968 4281 bcuediciom,
998 4210 1044 4262 ert

99 4306 198 4365 nonae,
219 4296 350 4368 unquam
372 4283 446 4347 aetio
470 4278 648 4359 tbeaudriea,
671 4281 795 4369 quaffiet
818 4292 924 4365 operate
943 4292 1045 4349 natura
