2648 4928
145 321 207 397 52
328 252 331 259 ι
425 318 591 413 zwinglii
613 317 778 410 expositio
803 315 882 388 Chr.
908 317 995 388 lidei.

158 504 293 565 triticum.
337 499 379 560 At
394 520 450 579 qua
468 518 520 557 nos
536 507 597 557 arte
612 498 701 576 petiti
721 494 887 556 Domestica
901 494 1072 576 proditione,
1096 516 1151 577 per
1164 505 1244 579 corpt

157 591 232 648 enim
260 586 337 646 relut
364 603 417 665 per
439 593 563 641 veterem
591 600 625 639 ac
658 583 800 639 ruinosam
828 581 901 639 muri
927 590 1051 660 partem,
1081 579 1208 641 admotis
1228 592 1251 629 ³!

158 691 257 731 seusus
290 679 402 728 nostros
430 664 612 744 cupiditatum
640 665 741 736 scalis,
772 664 893 724 obruere
927 665 1041 742 satagit.
1091 663 1167 724 Cum
1199 679 1251 727 ut

158 774 258 815 seusus
287 753 344 811 alio
371 759 509 811 roeautur
534 768 616 828 quam
644 759 676 805 ut
696 767 792 807 aurem
822 749 864 806 illi
885 747 1054 826 praebeant,
1089 748 1146 807 iam
1177 748 1251 809 ndu

158 834 289 919 procedit
312 836 374 895 eius
397 832 557 891 consilium.
600 829 686 890 Nunc
716 842 809 891 autem
833 833 863 890 iu
891 832 1075 890 sacramentis
1103 852 1163 891 non
1186 850 1251 893 ner

43 960 48 971 ,
159 920 331 1000 neganturl’)
359 934 459 976 sensus
479 926 594 975 satanae
615 913 756 986 suadelis,
787 913 837 973 scd
862 915 946 974 etiam
968 913 1034 973 lidei
1056 917 1244 996 mancipanti

160 1016 193 1064 ut
212 1006 266 1063 iam
288 1000 366 1061 velut
391 999 511 1058 ancillae
535 999 604 1057 nihil
631 997 707 1057 eliud
733 1010 820 1076 agant
840 1018 922 1077 quam
941 997 1016 1078 quod
1042 1001 1103 1077 agit
1136 992 1251 1145 ium:

109 1080 229 1159 8lllrera
249 1083 336 1156 lides,
360 1080 494 1142 adiuvant
518 1101 588 1160 ergo
609 1081 703 1142 lidem.
748 1080 806 1142 Sed
833 1082 924 1161 palam
947 1081 1057 1162 loquar.
1101 1082 1136 1142 ln
1241 1110 1251 1145 a

159 1173 241 1232 ristia
263 1179 396 1248 quattuor
419 1166 605 1246 potentissimi
627 1167 712 1224 immo
738 1166 863 1225 universi
886 1184 986 1225 sensus
1007 1186 1025 1226 a
1044 1167 1141 1226 earnis
1161 1166 1251 1249 cuph¹

159 1255 265 1315 tatibus
278 1252 356 1312 velut
374 1248 554 1310 vindicantur
571 1268 605 1308 ac
627 1248 804 1308 redimuntur
824 1250 901 1308 etin
924 1249 1090 1330 obsequium
1117 1248 1187 1311 fidei
1213 1260 1251 1321 ΙΙ

160 1338 277 1399 huntur.
296 1331 420 1395 Auditus
431 1352 495 1392 eum
514 1334 568 1391 iam
586 1352 641 1391 non
657 1333 837 1412 symphonias
853 1331 1022 1392 chordarum
1038 1331 1251 1421 diversaqu

159 1440 261 1481 vocum
280 1418 466 1489 harmoniam,
490 1415 539 1475 sed
562 1417 712 1475 coelestem
728 1436 826 1475 vocem
848 1415 938 1488 audit,
962 1415 1012 1476 Sic
1023 1414 1185 1489 dominw)
1200 1414 1251 1491 dn,

130 1518 145 1587 ι
160 1502 262 1565 dilexit
282 1499 433 1573 mundum,
457 1511 489 1559 ut
507 1501 594 1559 lilium
609 1519 689 1560 suum
711 1501 884 1578 unigenitum
901 1519 952 1579 pro
970 1501 1030 1559 rita
1050 1500 1128 1560 illius
1146 1490 1251 1579 dudd,

160 1586 305 1648 Adsumus
325 1604 394 1663 ergo
410 1584 513 1643 fratres
531 1593 563 1642 ut
578 1603 630 1662 pro
646 1603 681 1642 ea
697 1584 727 1640 in
743 1603 794 1642 nos
816 1583 986 1643 liberalitate
1010 1585 1119 1662 gratias
1140 1590 1251 1665 agad,

162 1671 255 1751 Ipsius
269 1670 343 1729 enim
361 1667 414 1727 filii
434 1669 512 1727 iussu
530 1669 631 1726 merito
652 1664 726 1726 istud
748 1668 877 1726 facimus.
911 1666 970 1742 Qui
991 1668 1103 1725 iamiam
1119 1666 1251 1751 πίῃ

161 1755 236 1815 hanc
258 1753 413 1832 gratiarum
436 1752 577 1812 actionem
602 1751 733 1821 instituit,
758 1762 789 1809 ut
810 1762 974 1831 perpetuum
996 1751 1102 1810 amoris
1128 1768 1200 1831 erga
1216 1762 1249 1825 a,

162 1839 207 1899 sui
230 1854 441 1916 mnemosynum
461 1855 494 1894 ac
515 1836 616 1915 pignus
633 1832 854 1913 relinqueretd).
897 1833 1020 1912 Accepit
1044 1844 1140 1894 antem
1156 1826 1251 1922 pand,

162 1921 270 2001 gratias
297 1920 372 1998 egit,
402 1918 507 1997 lrepp‘t,
532 1916 664 1997 deditque
687 1916 832 1997 discipulis
859 1918 930 1977 haec
954 1936 1037 1976 saera
1062 1916 1147 1977 simul
1170 1914 1251 1995 sssf,

163 2004 199 2063 de
213 2003 404 2063 sacratissimo
426 2021 477 2062 ore
496 2001 602 2073 verba,
625 2000 690 2060 Hoc
710 2012 755 2060 est
775 2021 877 2080 eorpus
905 2006 1008 2060 meum.
1052 1999 1156 2082 Aeque
1172 1998 1251 2089 etl,¹

163 2089 246 2148 licem
268 2087 379 2165 aceepit
392 2097 450 2144 ete.
493 2081 564 2143 Cum
587 2085 641 2143 ista
660 2085 773 2164 iuquam
793 2083 904 2142 auditus
923 2085 1044 2164 accipit,
1068 2104 1104 2145 an
1123 2104 1181 2145 non
1196 2076 1251 2180 Qp

161 2180 360 2231 consternatur
373 2179 404 2227 et
413 2165 631 2228 admirabundus
645 2169 673 2226 in
688 2169 741 2226 hoe
758 2187 842 2225 unum
858 2165 932 2247 quod
947 2165 1161 2247 praedicatur‘i
1211 2168 1214 2173 ’
1245 2228 1251 2237 ,

162 2259 227 2315 esti
248 2252 319 2312 Cum
343 2250 425 2311 deum
446 2250 541 2323 audit,
565 2270 628 2311 eum
653 2270 777 2309 amorem
802 2252 896 2322 illius,
921 2271 984 2310 eum
1006 2252 1094 2311 lilium
1117 2270 1171 2331 pro
1242 2240 1251 2298 .³

162 2338 227 2397 neci
248 2333 403 2396 traditum?
423 2334 466 2394 At
485 2354 549 2394 cum
567 2334 622 2393 huc
647 2335 770 2393 intentus
794 2345 853 2405 est,
877 2354 912 2393 an
935 2355 992 2393 non
1013 2333 1087 2395 idem
1106 2334 1179 2395 lacit
1219 2318 1251 2425 d:

164 2419 255 2481 lides‘l
276 2416 363 2479 Fides
374 2420 448 2478 enim
467 2429 512 2476 est
524 2436 597 2496 quae
612 2415 665 2476 deo
679 2436 731 2495 per
747 2414 891 2477 Christum
909 2418 1019 2477 nititur.
1061 2416 1188 2479 Audita
1236 2420 1246 2433 “’

163 2523 226 2563 cum
246 2501 282 2562 ad
301 2500 375 2561 idem
398 2511 522 2580 spectat,
546 2501 600 2559 iam
616 2498 682 2560 lidei
702 2500 869 2569 anciliatur,
893 2501 948 2560 iam
970 2500 1052 2561 hdem
1073 2521 1130 2562 non
1207 2496 1210 2501 ’

160 2589 219 2647 suis
248 2586 357 2644 frivolis
389 2586 450 2643 istis
479 2583 697 2661 cogitationibus
728 2603 761 2641 ac
796 2582 907 2643 studiis.
961 2584 1050 2643 Visus
1075 2604 1139 2643 cum
1173 2600 1234 2665 put

160 2669 238 2730 videt
260 2690 293 2728 ac
315 2669 451 2739 calicem,
476 2687 547 2746 quae
564 2669 627 2726 vice
653 2665 760 2725 Christi
782 2679 814 2726 ut
839 2668 915 2726 illius
937 2666 1091 2727 bonitatem
1116 2666 1251 2747 ingenit,

160 2773 216 2834 que
242 2753 421 2831 significent,
450 2771 486 2810 au
520 2770 576 2809 uon
593 2761 623 2810 et
652 2751 701 2809 ille
725 2749 790 2809 fidei
818 2750 1000 2830 obsequitur?
1027 2750 1173 2811 Christum
1197 2768 1242 2819 οι,

161 2839 238 2897 velut
260 2848 325 2895 aute
347 2835 446 2895 oeulos
467 2835 615 2914 conspicit,
640 2854 722 2913 quem
745 2854 823 2893 mens
846 2836 907 2893 cius
928 2836 1101 2894 inflammata
1116 2811 1251 2932 Pomp

161 2919 228 2980 dine
247 2919 367 2998 deperit.
411 2919 517 2976 Tactus
543 2937 642 2996 pannem
659 2919 688 2976 in
709 2938 808 2977 manus
825 2919 925 2989 sumit,
955 2919 1003 2998 qui
1024 2920 1079 2977 iam
1102 2938 1159 2977 non
1179 2934 1251 3018 Hp

162 3002 212 3061 sed
234 3001 365 3061 Christus
387 3012 432 3060 est
457 3003 675 3078 significatione.
728 3000 834 3059 Gustus
870 3001 1056 3081 Olfactusque
1083 3013 1114 3061 et
1134 3002 1189 3083 lptt
1214 2983 1242 3067 f

162 3084 353 3154 advocantur,
378 3093 409 3141 ut
431 3081 550 3140 odorent
579 3103 661 3160 quam
679 3085 772 3141 suavis
797 3084 994 3157 sitdominus,
1019 3104 1159 3165 quamquo
1175 3062 1251 3157 Ul}

162 3170 200 3228 sit
215 3169 263 3246 qui
282 3168 339 3237 inf)
363 3165 412 3223 illo
438 3163 509 3223 lidit.
553 3165 593 3224 Ut
616 3165 690 3224 enim
713 3166 755 3223 illi
782 3167 846 3225 cibo
868 3167 993 3246 gaudent
1016 3180 1046 3227 ct
1065 3158 1251 3273 expet-gen}

163 3253 297 3311 clemens
317 3249 392 3308 hune
408 3248 540 3307 coelestis
559 3249 618 3326 spei
638 3268 751 3307 suarem
770 3262 852 3309 nacta
873 3263 985 3329 gustum
1003 3255 1088 3331 gestit
1108 3263 1139 3312 et
1153 3246 1237 3319 mh

113 3329 152 3391 81
163 3333 309 3394 Adiuvaut
326 3352 395 3409 ergo
416 3330 482 3390 ulei
503 3332 765 3410 contemplationem
793 3347 988 3407 sacramenta,
1013 3334 1190 3397 concordant
1207 3322 1251 3395 ul

163 3420 265 3477 mentis
291 3417 414 3486 studiis,
444 3414 518 3494 quod
549 3416 619 3474 alias
640 3418 713 3474 citra
734 3430 972 3479 sacramentorum
1000 3438 1080 3478 usum
1104 3438 1161 3478 non
1181 3404 1251 3502 Ml

163 3520 232 3581 pere
248 3500 593 3579 tantoquelrteonsensu.
639 3499 671 3558 lu
692 3499 853 3578 llaptismo,
884 3504 978 3574 visus,
1008 3502 1139 3575 auditus,
1160 3508 1251 3595 mh·

164 3604 219 3664 quo
240 3583 413 3642 advocantur
429 3581 464 3641 ud
481 3580 546 3641 fidei
565 3602 646 3661 opus.
691 3583 777 3643 Fides
797 3587 870 3644 onim
893 3587 952 3646 sive
970 3587 1110 3646 ecclesiae
1123 3588 1184 3645 sire
1195 3580 1251 3647 ἅ

163 3668 213 3747 qui
234 3667 405 3746 baptisatur,
429 3668 559 3745 agnoscit
581 3665 724 3726 Christum
747 3689 797 3747 pro
817 3670 938 3728 ecclesia
960 3690 1011 3730 sua
1027 3681 1146 3728 mortem
1162 3665 1251 3739 tow

164 3752 353 3811 resurrexisse
369 3770 402 3810 ac
425 3751 630 3830 triumphasse:
654 3749 728 3809 idem
748 3751 862 3810 auditur
883 3754 911 3810 in
938 3754 1088 3833 baptismo,
1106 3751 1222 3813 videtu
1241 3745 1251 3779 '³

163 3835 300 3913 ungitur.
355 3831 429 3894 Sunt
452 3853 522 3913 crgo
548 3846 726 3894 sacramenta
752 3836 829 3894 velut
850 3837 930 3894 frena
955 3837 1055 3917 quibus
1083 3855 1203 3907 sensns,
1234 3820 1248 3927 ἰ

164 3919 261 3997 cupita
281 3937 332 3977 sua
352 3919 517 3991 excursuri,
541 3929 711 3979 revocantur
731 3938 765 3977 ac
788 3921 971 3978 retrahuntur
992 3931 1023 3978 ut
1044 3921 1132 3980 menti
1153 3915 1251 3999 llddq·

165 4001 368 4062 obsecundent.
1241 4000 1246 4021 ‘

116 4085 159 4149 82
249 4085 376 4166 Septima
395 4094 634 4146 sacramentorum
656 4085 698 4143 vis
718 4095 771 4144 est.
817 4083 901 4161 Quod
922 4087 984 4144 rice
1000 4083 1183 4147 iurisiurandi
1195 4082 1243 4147 η’

171 4210 402 4223 ῌ--ιι-

235 4282 264 4348 b)
282 4283 338 4334 hlS.
356 4240 448 4335 Turio.
464 4280 491 4333 in
509 4296 608 4344 marn:
630 4282 692 4333 mue
705 4300 739 4333 cu
757 4290 892 4349 reperitur
909 4284 1040 4350 lepnrdurn
1056 4288 1099 4337 eir,
1111 4314 1145 4325 -
1164 4283 1193 4349 p)
1207 4281 1245 4335 a.

167 4349 256 4402 addidi
273 4367 307 4403 ex
323 4351 380 4404 ΜΒ.
397 4350 503 4403 'l'um-
517 4350 547 4418 d)
561 4351 620 4406 ott.
633 4349 724 4403 Turio.
743 4352 876 4418 relinquat,
893 4381 926 4394 -
945 4361 975 4417 e)
992 4353 1019 4407 ff.
1037 4370 1090 4408 om,
1108 4354 1167 4407 pps,
1182 4351 1251 4445 ⁵1⁴„g
