2648 4928
202 250 208 261 Ι
255 382 261 391 ,
314 328 324 419 Ι·
380 306 571 379 licelsrstio
596 308 849 383 uuornntencta
983 342 991 367 v
1079 310 1166 391 ³685

439 483 469 546 u
491 505 513 549 ο,
550 487 578 549 o
602 507 617 548 r
636 487 655 549 ι
676 490 686 549 r
707 509 726 550 ι
746 458 776 550 'e

142 610 171 663 1.
216 599 320 662 Omnia
347 602 376 660 in
403 598 539 664 Ecclesia
565 603 666 665 ordine
693 616 724 666 et
750 604 887 681 «lecenter
912 604 1021 668 institui
1045 602 1165 682 ‹leber-c,

91 702 301 765 cqueuquam,
324 686 381 744 nisi
404 686 541 765 legitime,
564 689 625 749 sire
653 708 706 769 per
724 688 912 751 vocationem
934 686 992 751 Dei
1018 690 1167 753 immedis·
1200 700 1203 705 '
1276 702 1282 711 '

91 790 111 829 ιι
140 779 171 829 et
197 768 470 843 extraordinariam,
499 773 561 839 siue
590 791 642 851 per
664 770 813 833 mediatam
842 782 873 835 et
892 772 1082 851 ordinariam,
1108 794 1167 835 uon

91 862 162 913 atum
184 852 297 912 interno
318 851 442 931 Spiritus
458 853 492 913 S.
516 855 662 927 instinctu,
686 866 716 916 et
736 854 876 917 donorum
890 856 1087 919 sufficientium
1108 860 1168 929 cul·
1259 904 1264 915 .
1312 864 1315 871 '

91 937 158 997 inse
180 947 347 1014 praeeunte,
371 934 434 1008 sed,
457 947 486 997 et
505 948 625 999 externo
645 939 780 1020 cuiusque
801 938 951 1001 Ecclesiae
978 950 1009 1001 et
1036 940 1168 1022 inprimis

91 1038 118 1081 rs
139 1018 305 1079 Antistitom
324 1037 444 1080 assensu
463 1021 664 1103 subsequente,
686 1041 739 1101 per
759 1020 939 1084 Electioncm
959 1020 1111 1086 Ecclesiae
1130 1022 1169 1085 al

91 1102 249 1163 inisterium
273 1114 418 1174 vocatum,
442 1114 473 1163 et
494 1124 547 1183 per
568 1105 804 1180 ordinationem,
828 1126 879 1167 seu
902 1127 1032 1168 manuum
1049 1108 1168 1189 impasi—
1277 1150 1283 1169 .

91 1205 163 1247 ruem
184 1205 202 1244 a
224 1185 411 1267 Presbyterio
430 1190 636 1271 confirmatum,
656 1188 849 1250 Minister-ium
877 1192 907 1251 iu
927 1188 1063 1251 Ecclesia
1076 1210 1168 1252 ,exer-

91 1289 125 1331 ce
146 1269 210 1330 iure
232 1290 327 1350 posse.
371 1270 516 1344 Quosdam
538 1275 643 1346 etiam,
666 1273 742 1333 inter
762 1272 852 1334 Verbi
872 1270 930 1334 Dei
949 1274 1118 1349 Misistros,
1150 1294 1169 1335 a

91 1372 121 1417 ιι
141 1354 310 1414 constitutos
330 1373 397 1414 ease
414 1354 509 1415 Officii
533 1366 563 1415 et
583 1355 731 1416 Bonorum
748 1356 853 1437 gradus
874 1359 1066 1437 agnoscimus.

140 1446 172 1498 2.
214 1436 361 1517 Negamus
389 1449 505 1511 antem,
538 1438 571 1520 l)
595 1439 733 1501 Ordinem
768 1457 833 1501 case
855 1439 1071 1503 Sacramentum
1090 1440 1168 1505 Nori

91 1522 233 1583 tutamenti
255 1523 371 1600 proprie
392 1519 510 1585 lictum.
669 1522 674 1530 '
1130 1580 1135 1587 .

125 1616 171 1669 a.
215 1604 345 1665 Gratiam
367 1624 404 1664 cx
427 1624 516 1686 opere
544 1617 662 1688 operata
683 1606 838 1680 conferre,
860 1616 891 1668 et
911 1604 1115 1671 Characterem
1139 1611 1167 1671 iu

91 1690 149 1752 inu
168 1686 301 1749 ordinati
321 1689 488 1768 inprimere.

139 1782 172 1836 8.
216 1770 373 1851 Utrumque
393 1771 448 1832 boc
471 1772 524 1832 sub
543 1772 735 1833 Austlremate
751 1768 922 1833 credentium
945 1791 1023 1833 esse.

138 1863 171 1919 4.
213 1852 413 1916 Ecclesiarum
428 1855 604 1917 'Nostrarum
623 1855 759 1918 Pastores
780 1854 904 1937 legitima
924 1874 976 1918 scu
998 1856 1096 1919 verbo
1110 1852 1169 1919 Dei
1191 1874 1203 1883 ·’

91 1950 249 2003 umtanea
274 1937 436 2014 blissione,
466 1939 644 2015 vocatione,
673 1949 705 2001 et
731 1936 921 2019 ordinatione
949 1941 1096 2017 caruisse,
1121 1953 1171 2004 aut
1240 1938 1243 1949 '

91 2044 171 2087 rere.
723 2048 728 2055 ·

364 2186 859 2252 Debiatrimouio.

140 2336 174 2391 l.
217 2324 432 2387 Matrimonium
453 2324 586 2386 Sanctam
608 2335 640 2385 et
657 2322 791 2385 Divinam
808 2342 874 2384 esse
899 2323 1105 2386 iustitutionem
1126 2327 1170 2387 si·

91 2428 212 2483 mamus,
234 2429 268 2469 ae
291 2407 408 2490 proinde
430 2409 540 2468 abillis
561 2428 623 2468 cum
645 2408 785 2488 Apostolo
813 2406 1010 2483 disscutinus,
1040 2410 1088 2490 qui
1109 2429 1169 2469 aaa·

91 2496 222 2559 monium
245 2492 414 2574 probibent,
437 2505 485 2552 aut
504 2492 595 2571 palam
617 2492 793 2570 vituperant,
826 2492 872 2552 uel
896 2492 1010 2573 oblique
1030 2494 1171 2573 perstriu-

91 2592 140 2652 ut,
161 2578 243 2658 qnasi
265 2598 321 2638 uon
341 2578 487 2647 Sanctum,
511 2573 561 2634 sel
581 2573 750 2635 immundam
773 2574 823 2634 sit.

138 2670 185 2724 2.'
216 2661 333 2721 interim
355 2680 503 2737 negamus,
530 2657 563 2737 l)
587 2657 659 2718 lllnrl
680 2677 749 2719 vere
771 2669 803 2717 et
822 2658 938 2738 proprie
953 2657 1170 2720 Sacramentum

114 2746 311 2814 Testamenti,
332 2763 366 2802 ac
388 2743 441 2802 sub
461 2743 651 2801 Auatlremate
672 2740 831 2802 habendum
850 2760 929 2803 esse.

140 2841 175 2891 2.
219 2827 390 2906 Conjugium
417 2826 594 2885 Clericorum
624 2823 669 2885 vel
700 2844 720 2886 a
745 2823 883 2898 Christo,
912 2825 961 2886 vel
988 2826 1171 2905 sprimitira

91 2915 196 2977 :clesia
214 2911 394 2972 interdictum
416 2929 493 2970 esse.

418 3105 809 3169 DeEccleaia.

142 3259 175 3310 1.
217 3245 265 3307 Ex
286 3248 334 3317 iis,
369 3264 441 3325 quae
463 3243 500 3304 cle
523 3243 624 3306 Verbo
642 3242 714 3317 Dei,
744 3241 782 3305 tle
802 3241 919 3305 Claristn
940 3241 1043 3325 Cspite
1066 3240 1172 3305 Eccle-

91 3354 134 3407 ιο,
154 3333 247 3411 deque
264 3329 372 3390 Christi
395 3329 506 3400 Gratia,
529 3349 583 3389 uec
605 3348 659 3388 nou
681 3327 716 3389 de
738 3329 943 3399 Sacramentis,
965 3338 996 3389 ct
1011 3327 1097 3389 Cultu
1116 3326 1174 3387 Di·

91 3438 126 3479 ao
147 3416 225 3477 dicta
246 3426 325 3486 suut,
347 3414 431 3473 iacile
452 3413 629 3491 intelligitur,
652 3411 720 3492 quid
741 3412 778 3473 rie
791 3413 886 3484 vm,
906 3411 1015 3473 falsave
1024 3410 1170 3483 Ecclesia,

91 3522 115 3563 ιι
140 3499 314 3570 uniuersali,
339 3516 421 3578 quam
445 3495 615 3556 Particulari
634 3498 800 3556 sentiamus.
830 3496 925 3557 ·Vet·a
946 3496 1021 3557 esim
1037 3493 1174 3555 Ecclesia

91 3585 132 3644 bil
163 3582 240 3643 aliud
268 3593 330 3652 est,
358 3600 440 3660 quam
461 3579 570 3640 Coetus
595 3578 735 3651 lidelium,
764 3580 817 3641 sub
841 3598 898 3638 uno
916 3577 1020 3659 Capite
1040 3577 1171 3650 Christo,

93 3688 112 3728 r
136 3666 256 3726 eundem
279 3666 415 3744 Spiritum
437 3666 561 3743 gratiae,
584 3683 620 3723 ex
642 3674 783 3744 potestate
793 3663 976 3724 tenebrara-
990 3662 1028 3724 etl
1041 3662 1174 3741 Reganus

91 3753 118 3812 ei
142 3751 240 3810 Verba
261 3749 411 3827 Evangelii
435 3760 626 3819 evocatorum,
650 3758 681 3807 et
695 3758 754 3807 tum
784 3748 897 3807 interna
925 3746 1055 3807 eiusdem
1075 3745 1172 3817 Fidei,

91 3835 201 3893 aritatis
223 3845 253 3893 et
272 3833 360 3912 Spei,
382 3843 440 3890 tum
465 3845 584 3892 externa
612 3830 767 3891 casualem
787 3830 1057 3901 Sacramentorum,
1079 3840 1109 3889 et
1129 3839 1174 3885 to·
1269 3884 1276 3896 ,

91 3938 118 3977 rs
158 3917 258 3978 Cultus
295 3916 411 3990 Dirini,
459 3927 630 3993 metasque
668 3912 844 3994 Disciplinae
878 3912 1084 3974 Commuuione
1126 3930 1175 3968 so·

91 4013 319 4157 'mlimllnslm
340 4050 465 4165 quamvis
494 4083 533 4140 illi
562 4081 615 4139 soli
637 4099 704 4139 vera
733 4091 764 4140 et
783 4081 847 4140 viva
868 4079 1020 4140 Ecclesiae
1040 4076 1173 4139 Membra

91 4180 139 4244 ιι,
170 4171 217 4248 qui
247 4180 302 4227 tam
332 4171 460 4237 interna,
486 4186 568 4241 quam
596 4176 714 4223 esterna
737 4163 943 4225 commuuione
971 4160 1090 4221 Clsristo
1119 4183 1174 4223 cen

91 4254 173 4333 apiti,
195 4262 225 4311 ct
244 4251 397 4312 Ecclesiae
418 4270 470 4309 ccu
491 4248 613 4328 Corpori
635 4250 698 4308 eius
719 4250 841 4329 mystice
865 4246 1010 4308 umuacti
1028 4256 1105 4315 suat,
1127 4259 1169 4306 ta·

91 4356 141 4409 en,
163 4354 228 4397 cusu
245 4336 357 4398 iuterna
368 4334 519 4396 Ecclesiae
540 4332 709 4394 Communia
728 4343 761 4394 et
780 4331 858 4395 usia
878 4331 918 4392 sit
938 4347 989 4392 res
1007 4328 1172 4404 iseisilrilis,
