2648 4928
412 279 556 369 motem
582 280 753 351 xxxrx.
991 221 994 225 ’
1063 278 1141 365 eur

111 461 298 525 Sacramenta
320 457 422 519 nonin
444 455 499 525 hoe
520 457 646 517 institute
668 469 771 521 eunte
792 457 908 525 Christo
925 473 957 524 ut
974 464 1141 545 spdctsren-

131 555 183 605 aut
210 542 481 627 circumferrentur,
515 538 567 601 sed
588 551 621 600 ut
643 544 698 603 rito
726 543 783 604 illis
808 556 974 621 uteremur,
1000 547 1140 609 otialis

99 639 168 691 unt
187 627 235 708 qui
257 628 342 704 depae
361 623 524 706 percipiunt
542 624 693 687 salutarem
706 624 811 689 hahent
830 628 984 690 ellectum
1003 629 1052 711 qni
1072 650 1141 693 sero

99 730 148 793 pue
168 711 348 794 percipiunt,
371 704 581 769 donmuonen
602 711 649 789 (ut
668 711 760 792 inquit
779 708 901 792 Paulus)
921 714 979 775 sihi
1000 713 1071 794 ipsis
1092 733 1142 777 ec·

99 804 158 857 hul.
1195 828 1197 833 ·

100 962 136 1025 oi
151 922 381 1024 mulcerem
403 954 710 1105 dicinompmqood
728 912 804 1023 ecre*
822 978 887 1024 non
908 960 1000 1025 tollat
1020 962 1143 1028 meletio
1262 920 1266 927 Ι

635 1063 677 1105 m.

112 1174 232 1238 XXVI.
254 1172 382 1250 Quantis
404 1175 433 1234 in
454 1171 587 1236 Ecclesia
609 1173 734 1248 visibili,
755 1170 839 1235 honis
858 1176 924 1237 meli
944 1195 1061 1260 semper
1075 1191 1144 1242 suot

99 1260 173 1333 ixei,
200 1269 286 1340 atque
302 1257 444 1319 interdum
466 1259 624 1319 ministerio
644 1258 745 1333 uerbi,
774 1269 805 1320 et
823 1258 1070 1324 sacramentorum
1091 1264 1143 1325 ed·

99 1342 234 1405 strationi
261 1342 405 1422 praesint:
434 1351 527 1403 temen
554 1360 616 1401 cum
646 1362 701 1402 non
727 1361 799 1414 suo,
825 1341 877 1403 sed
897 1342 1007 1406 Christi
1029 1347 1143 1409 nomine

99 1436 138 1502 ιι,
160 1426 278 1506 eiusque
299 1424 449 1498 mandato,
478 1436 509 1485 et
528 1424 701 1487 authoritate
722 1426 902 1500 ministrent,
927 1428 1038 1491 illorum
1059 1432 1143 1491 mini·

99 1509 183 1571 lomi
205 1510 293 1582 licet,
316 1528 377 1568 cum
399 1509 429 1567 in
452 1508 540 1569 verbo
561 1506 618 1568 Dei
638 1505 797 1582 audiendo,
820 1520 878 1568 tum
898 1511 928 1570 in
950 1509 1144 1575 sacramentis

99 1592 236 1675 ipiendis.
279 1590 383 1671 Neque
416 1612 468 1672 per
501 1592 612 1651 illorum
639 1590 775 1653 malitiam
808 1592 926 1652 ellectos
952 1594 1144 1658 institutorum

99 1676 141 1737 isti
165 1676 288 1748 tollitur,
308 1685 360 1735 ‘aut
380 1675 475 1754 gratio
498 1672 636 1735 donorum
654 1673 712 1735 Dei
735 1674 896 1748 minuitur,
912 1675 1006 1756 quoad
1025 1697 1077 1739 eos
1095 1683 1144 1761 qni

119 1770 153 1822 et
179 1760 235 1820 rito
261 1758 315 1818 sihi
344 1757 438 1819 oblata
464 1759 645 1839 percipiunt,
684 1776 758 1839 qnae
788 1769 907 1840 propter
941 1760 1144 1825 institutionem

99 1842 145 1904 isti
171 1853 202 1905 et
228 1842 445 1923 promissionem
472 1841 598 1903 efficacia
621 1852 708 1916 sunt,
739 1841 809 1904 licet
835 1843 998 1924 permolor
1024 1844 1145 1908 sdmiaiss

99 1937 160 1987 tut·-

115 2006 336 2071 aeecclesiae
356 2019 450 2069 mmen
472 2005 650 2088 disciplinam
670 2009 818 2088 pertinet,
850 2020 882 2071 ιιι
902 2010 931 2071 in
953 2012 1042 2074 malos
1063 2013 1145 2074 mini·

99 2092 308 2176 tinqmrctur,
329 2103 552 2171 accusenturqne
574 2090 609 2151 sb
625 2091 671 2151 his
690 2093 737 2171 qui
754 2094 982 2174 eorumllegitls
1000 2099 1142 2168 noverint,
1208 2149 1222 2175 Ι

99 2194 123 2241 Ι
140 2174 252 2239 hodon
271 2178 346 2238 iusto
365 2177 490 2237 convicti
510 2172 616 2234 iudicio
636 2173 822 2254 deponentur.

469 2358 520 2422 De
538 2346 712 2445 Baptistae.

116 2492 247 2559 xxvtt.
293 2492 455 2574 Baptismus
481 2488 542 2555 non'
565 2503 611 2554 est
637 2503 745 2553 tentum
767 2491 956 2570 professionis
976 2494 1087 2572 signum
1109 2512 1144 2554 rc

99 2582 209 2641 riminis
223 2590 302 2650 nola,
323 2597 378 2659 qua
391 2576 582 2637 Christiania
602 2597 657 2638 uon
672 2574 845 2637 Christianis
862 2574 1072 2650 discernentur,
1094 2575 1146 2639 ted

99 2674 187 2725 nest
208 2665 318 2742 signum
340 2662 587 2740 regenerationis,
619 2680 672 2739 per
697 2657 772 2740 quod
800 2669 931 2740 tanquam
960 2680 1014 2741 per
1039 2662 1146 2721 insuu-

99 2755 160 2807 ιιι
181 2758 261 2806 recte
281 2746 455 2824 Baptismum
477 2746 684 2824 suscipientes,
706 2742 849 2803 Ecclesiis
869 2746 1055 2816 inseruntur,
1079 2764 1146 2824 pro·

101 2828 188 2891 iones
220 2829 256 2888 de
282 2830 451 2888 remissione
477 2839 656 2908 peccatorum
692 2838 778 2908 atque
810 2825 964 2907 adoptione
992 2838 1089 2888 nostre
1116 2829 1146 2886 in

99 2930 108 2969 r
129 2913 188 2975 Dei
215 2932 268 2992 per
289 2911 423 2991 Spiritum
446 2923 572 2970 sanctum
593 2910 743 2972 visibiliter
765 2911 964 2991 obsignantur,
984 2909 1057 2971 lldes
1077 2930 1147 2971 con-

99 3008 182 3070 etur,
203 3007 235 3055 ct
257 2997 284 3056 vi
305 2994 417 3054 divinae
439 2995 625 3054 invocationis
643 2995 736 3073 grstia
757 3006 888 3073 angetur.

119 3083 281 3161 Baptismus
295 3081 482 3158 pomeriorum
502 3080 615 3137 omnino
634 3079 664 3138 in
685 3077 820 3143 Ecclesia
841 3075 1006 3140 retinendus
1026 3088 1093 3154 cst,
1114 3089 1147 3138 ut

102 3180 170 3227 cu
191 3161 299 3224 Christi
317 3163 495 3223 institutione
517 3162 623 3243 optime
643 3171 793 3241 congruat.

419 3327 470 3389 lle
492 3327 600 3423 Coeno
620 3325 755 3390 Domiti.

120 3458 267 3524 xxvnt.
290 3459 388 3522 Coeno
403 3459 519 3522 Domini
540 3468 597 3520 nnn
614 3471 660 3521 cst
679 3471 786 3522 tontum
802 3458 914 3538 signum
928 3472 1040 3522 mutuae
1059 3460 1149 3522 henc-

99 3547 180 3606 ctiae
201 3544 430 3605 Christianorum
451 3547 527 3602 inter
549 3563 627 3617 sese,
648 3564 745 3605 rernm
765 3543 859 3624 potius
874 3554 920 3604 est
933 3544 1148 3608 Sacramentum

99 3640 156 3691 ne
180 3648 233 3709 per
254 3640 372 3689 nortem
395 3627 504 3688 Christi
525 3625 740 3706 redemptionis.

118 3712 217 3793 Atque
240 3713 312 3773 adeo
339 3715 395 3772 rite
422 3711 508 3791 digne
534 3722 565 3770 et
590 3730 652 3770 cum
673 3709 729 3771 fide
750 3711 942 3782 sumentibus,
965 3713 1046 3792 ponis
1065 3730 1148 3791 ιιιιοιιι

99 3797 197 3871 ntnos
225 3808 271 3856 est
298 3796 513 3856 communicatio
540 3795 669 3874 corporis
695 3791 825 3854 Christis
859 3795 991 3856 similiter
1017 3795 1149 3875 poculum

99 3878 252 3940 wcnonts
276 3890 321 3940 cst
340 3878 556 3940 communicatio
577 3877 723 3956 sanguinis
744 3875 867 3937 Christi.

117 3961 210 4024 Panis
236 3975 265 4025 ct
285 3965 342 4022 vini
356 3963 639 4023 transsubstantiatus
654 3962 682 4018 in
695 3957 878 4021 Eucharistia
891 3980 929 4023 cx
949 3962 1038 4022 sacris
1056 3960 1149 4020 literis

99 4048 151 4109 ttri
175 4067 231 4107 nou
254 4056 367 4126 potest,
390 4046 442 4106 sed
463 4047 571 4126 opertis
593 4043 760 4121 Scripturre
779 4045 875 4104 verbis
895 4044 1074 4114 adversator,
1096 4043 1149 4102 Sa-

99 4131 177 4193 tcnti
197 4140 325 4190 naturam
348 4132 469 4203 evertit,
498 4140 528 4189 et
548 4127 697 4187 multsmm
716 4128 947 4215 supentitionom
966 4125 1045 4187 dedit
1066 4145 1150 4187 occa·

99 4226 158 4275 ΒΙ.

115 4292 235 4381 Corpus
261 4294 370 4359 Christi
398 4294 500 4368 dator,
528 4293 688 4375 accipitur,
714 4304 747 4355 ct
764 4291 947 4357 motmunt
978 4295 1008 4354 in
1035 4291 1149 4367 Coena,

373 4386 387 4419 0
