2648 4928
352 293 546 363 -ltecteratio
569 292 842 367 wintoniensia·
1058 250 1143 375 di'il

95 494 128 545 e,
159 473 210 535 sed
243 483 348 533 tautum
379 472 408 531 iu
438 470 552 533 Graeco
573 474 665 534 Texta
688 474 942 551 babentur,.sunt
966 475 1144 563 Apoccypbi‚

95 578 128 618 ue
149 558 256 619 Divino
275 554 385 617 Canoni
396 598 408 628 ,
429 558 596 636 pracsertim
618 559 670 618 sub
687 559 897 634 Anatbsmate,
920 567 1069 626 accenseri
1089 587 1146 628 nou

95 653 153 715 ant,
176 642 231 701 etsi
255 641 364 701 utiliter
383 642 421 701 ad
441 639 666 710 aedificationem
680 642 841 715 ,uectores
868 645 926 724 legi
944 659 1076 725 possunt.

121 735 151 788 3.
195 723 294 784 Laicis
315 723 526 802 scripturarum
544 722 647 784 Lectio
673 727 703 785 in
725 727 829 806 linguis
851 730 1014 789 vernaculis
1033 732 1148 795 minime

95 805 211 869 bibenda
237 818 286 867 aut
317 804 505 866 dissuadenda
526 818 590 878 est,
625 820 756 888 tauquam
791 810 954 889 periculose
980 815 1028 876 vel
1048 818 1145 891 neam,

108 904 138 952 ut
162 891 252 951 libera
277 901 306 950 et
329 891 408 949 utilis
430 889 628 969 permittenda,
652 893 709 951 ituo
732 892 887 956 suadenda.
1163 946 1165 951 .

119 985 150 1038 t.
193 973 355 1036 versiones
378 972 587 1054 seripturarum
606 975 761 1055 legitimas,
783 979 840 1037 etsi
860 977 973 1058 publico
996 976 1148 1043 Ecclesiae

95 1059 143 1120 icio
152 1057 350 1138 approbandae
370 1068 446 1128 sunt,
468 1057 563 1117 nullae
576 1067 683 1131 tamen,
706 1078 743 1121 ne
763 1059 877 1140 quidem
890 1062 1015 1140 Vulgata
1030 1063 1146 1137 Latium

95 1146 111 1200 Ls
126 1142 266 1202 Fontibus
281 1138 482 1220 adaequandae
506 1141 552 1200 vel
564 1141 784 1221 praeferendas,
806 1145 852 1204 rel
863 1145 1032 1224 simpliciter
1050 1159 1082 1209 st
1096 1166 1149 1229 per

95 1244 140 1303 pro
158 1226 342 1285 Autbentieis
369 1222 537 1296 habendae,
568 1226 655 1284 multo
683 1228 776 1286 minus
810 1227 863 1287 sub
886 1228 1078 1292 Anatbemats
1098 1231 1148 1291 dc·
1179 1248 1181 1253 ·

95 1308 199 1370 rendae
229 1318 312 1378 sunt,
336 1305 387 1367 sed
415 1318 543 1377 tantum,
578 1319 715 1387 quatenus
747 1330 809 1370 cum
840 1312 911 1390 ipsis
929 1311 1067 1375 Fontibus
1085 1314 1149 1375 lle·

95 1393 192 1452 eisin
214 1392 335 1463 Veteri,
365 1402 395 1451 et
424 1390 546 1450 Graecis
573 1393 602 1450 in
628 1391 711 1451 Novo
740 1394 924 1454 Testamenta
953 1399 1145 1458 consentiunt.
1247 1416 1255 1423 ·

95 1473 122 1534 td
149 1477 261 1557 ipsum,
290 1476 345 1534 etsi
371 1475 399 1533 iu
427 1475 641 1535 obscurioribus
662 1476 735 1536 locis
760 1487 868 1538 tantum
889 1478 926 1538 ab
953 1477 1094 1552 eruditis,
1117 1483 1148 1540 in
1179 1478 1183 1485 ’

95 1561 193 1636 tpicuis
217 1571 310 1618 tamen
341 1569 371 1617 et
392 1560 510 1636 apertis,
533 1578 550 1617 a
574 1558 719 1639 quibusvis
735 1558 887 1633 fidelibus,
910 1580 948 1621 ex
971 1563 1034 1642 ipso
1053 1562 1148 1624 diver·

95 1659 128 1701 tm
149 1642 323 1704 versionum
349 1661 489 1701 consensu
511 1645 628 1719 agnosci
654 1654 759 1722 potest.

114 1731 149 1790 5.
194 1725 308 1785 Nullum
328 1725 412 1784 bodie
436 1725 560 1785 Verbum
584 1725 642 1786 Dei
655 1737 759 1799 exstat,
782 1734 832 1787 ant
858 1736 939 1788 serto
954 1725 1066 1789 ostendi
1087 1742 1151 1812 pot·
1196 1798 1199 1803 ,

95 1853 97 1860 .
130 1808 169 1870 de
188 1806 375 1890 Dogmatibus
395 1807 501 1881 Fidei,
527 1819 576 1868 aut
595 1809 763 1890 Praeceptis
783 1808 870 1871 Vitae
891 1807 928 1870 ad
960 1812 1080 1885 salute·
1098 1833 1150 1874 na-

95 1896 189 1971 eniis,
208 1891 284 1972 quod
306 1913 361 1952 uon
384 1893 422 1951 sit
439 1894 586 1972 scriptum,
608 1906 658 1954 aut
676 1895 707 1954 in
729 1893 888 1974 Scripturis
911 1893 1074 1969 fundatum,
1097 1896 1149 1958 aed

109 1976 283 2039 Traditioue
299 1996 355 2035 neu
378 1976 484 2055 scripta
501 1975 652 2038 Ecclesiae
675 1979 867 2038 commissum.

112 2069 152 2126 6.
197 2060 279 2134 Quae
299 2078 353 2122 nec
371 2070 471 2138 aperte
487 2061 517 2118 in
532 2059 691 2140 Scriptnris
705 2071 771 2120 sunt
790 2059 913 2133 andita,
935 2080 1028 2142 neque
1042 2081 1080 2123 ex
1092 2063 1150 2123 illis

95 2157 125 2215 t,
147 2144 330 2215 neccssaria,
351 2153 382 2203 et
404 2140 530 2203 evidenti
554 2145 755 2224 consequentia
776 2142 898 2216 deduci,
913 2155 957 2203 et
982 2145 1149 2206 Primitivus

100 2226 361 2289 estse-consensu
389 2227 494 2285 firmari
516 2237 655 2305 possunt,
682 2246 718 2288 ca
737 2226 829 2287 nullus
844 2229 879 2287 ‚in
907 2227 995 2287 terris
1013 2228 1150 2289 Pontifex

95 2304 280 2392 Episcopus,
304 2321 352 2369 ant
371 2309 579 2389 Episcoporum
600 2309 723 2385 Coetus,
744 2322 873 2390 tanquam
895 2329 1043 2389 summus
1066 2314 1150 2372 ctia-

95 2393 167 2455 ailis
184 2392 293 2468 ludex,
317 2404 459 2472 potestate
494 2413 546 2453 sna
563 2392 733 2465 iudiciaria,
764 2391 972 2480 utArticulum
992 2392 1061 2455 tttsi
1084 2414 1150 2457 cre·
1256 2428 1260 2433 ·

95 2471 162 2539 lun
177 2479 330 2557 imperare,
350 2488 399 2535 aut
419 2477 471 2535 sub
491 2477 682 2536 Anatbcmate
698 2474 856 2538 decernere
876 2487 982 2556 potest.

114 2569 154 2624 7.
196 2561 289 2620 Multo
317 2563 408 2619 minus
426 2559 562 2639 Spiritum
591 2562 728 2639 privatum
755 2561 881 2639 ipsorum
907 2559 1048 2623 Fidelium
1068 2562 1151 2624 Scri·

95 2657 114 2698 a
141 2642 266 2705 lodicum
287 2655 335 2703 aut
365 2641 449 2702 Fidei
475 2642 615 2719 Regulam
643 2662 709 2704 csse
733 2644 898 2714 statuimus,
929 2642 1059 2706 sedtum
1085 2665 1151 2705 crc-

97 2724 184 2801 ittm,
218 2739 276 2786 tum
305 2726 464 2785 docentium
487 2724 643 2804 Spiritum,
673 2736 703 2784 ct
731 2725 863 2785 indicium
889 2746 972 2786 omne
996 2727 1150 2788 secundnm

95 2822 213 2889 poturas,
232 2830 284 2870 ceu
308 2811 426 2869 Unicum
448 2810 588 2886 lingulam
619 2821 649 2869 et
669 2808 778 2889 Legem
803 2811 903 2869 summi
917 2808 1024 2870 ludicis
1045 2811 1151 2870 infalli-

95 2909 139 2967 n,
159 2891 355 2972 regulandum,
376 2893 458 2952 stab
479 2891 626 2965 Ecclesia,
651 2895 769 2974 eiusque
786 2891 970 2966 Pectoribus,
993 2892 1151 2954 diiudican-

123 2979 317 3060 agnoscimus.

95 3167 157 3242 [lc
179 3179 212 3241 S.
232 3179 266 3239 S.
292 3171 856 3319 TrinitatequlsqutcoPcrsona
877 3184 916 3236 ct
937 3173 1088 3237 orricio

567 3278 635 3320 rts
672 3279 693 3323 t.

121 3406 155 3463 1.
199 3397 245 3458 De
267 3397 302 3459 S.
320 3396 353 3458 S.
372 3396 514 3458 Trinitate
537 3407 570 3457 ct
598 3395 635 3458 de
659 3395 791 3458 Persona
811 3391 929 3455 Domini
959 3394 1051 3455 nostri
1085 3391 1152 3455 lesu

95 3473 153 3544 isti
174 3478 407 3564 Θεανθρώπου,
429 3480 591 3541 Articulum
611 3482 699 3541 totius
722 3476 904 3539 Christianae
928 3477 1012 3540 Fidei
1030 3479 1152 3539 maxime

95 3554 278 3652 laneonten
300 3566 493 3646 agnoscimus,
511 3575 664 3643 sancteque
690 3561 846 3625 credimus.
890 3561 950 3623 Sed
972 3565 1036 3622 eius
1063 3562 1155 3638 expli·

95 3660 155 3713 l⁰ne
174 3653 231 3711 iam
251 3649 481 3730 supersedemus,
501 3669 566 3709 cum
583 3647 619 3709 de
641 3669 678 3708 co
700 3646 775 3707 nulla
792 3648 831 3706 sit
862 3648 937 3707 inter
960 3657 1074 3707 nostras
1094 3643 1154 3703 lic·

95 3730 159 3807 fias,
185 3745 215 3796 et
234 3734 390 3794 Romanam
414 3731 566 3792 dissensio.
616 3729 683 3791 Etsi
706 3727 880 3810 quorundam
897 3728 1152 3799 scholasticorum,

103 3823 156 3878 lam
172 3817 340 3878 sublimibus
365 3817 528 3896 mysteriis,
561 3814 682 3893 simplici
703 3814 797 3892 potius
817 3813 873 3873 sade
894 3809 1048 3872 secundum
1069 3830 1153 3890 aper-

95 3897 167 3962 tinas
192 3901 355 3982 Scripturas
383 3898 552 3971 credendis,
575 3917 656 3976 quam
682 3897 769 3956 nimia
791 3898 957 3957 curiositate
978 3892 1152 3965 remundis,

95 3988 236 4046 sectiones
257 3987 407 4066 plerasque
428 3994 458 4042 et
482 3981 698 4061 Disputationes
723 3980 900 4060 spinosiores
923 3997 958 4039 sc
977 3978 1152 4049 subtiliores,

95 4084 128 4129 tn
148 4072 290 4141 utiliores,
314 4069 415 4127 merito
435 4084 610 4126 aversamur.

128 4163 159 4216 2.
203 4153 251 4214 De
277 4154 378 4213 Olbcio
395 4163 487 4212 autem
507 4149 623 4209 Domini
651 4148 741 4208 nostri
760 4146 826 4207 lesu
851 4143 975 4222 Christi,
995 4143 1153 4202 Articulum

95 4233 143 4300 len
161 4237 400 4298 fundamentalem
426 4233 581 4304 credimus,
605 4231 678 4311 quod
701 4234 763 4312 ipse
783 4230 877 4291 Filius
896 4229 993 4287 Patris
1017 4225 1153 4305 Usigcm·

95 4366 104 4397 ,
127 4341 163 4383 cx
180 4320 277 4384 Maria
291 4338 405 4400 semper
420 4317 545 4400 Virgine
563 4316 658 4376 llomo
669 4317 774 4389 tatas,
797 4316 836 4376 sit
853 4309 1029 4391 Μῶμον
1040 4321 1072 4371 et
1088 4308 1153 4371 ble-
