2648 4928
249 320 306 391 lte
329 318 481 391 abellam
505 319 692 393 Ecclesiae.
948 318 1025 395 8³7

101 507 165 557 ntes
184 507 214 557 ct
232 517 251 558 a
270 499 392 559 ueritate
412 499 475 560 aias
496 501 637 583 nuspiam,
659 509 718 560 tan
739 498 830 583 quoad
851 499 1019 580 doctrinam,

104 582 186 641 uitam
208 579 390 643 recedentes.

98 665 250 744 ubicunque
271 666 388 726 verbum
410 665 520 726 Christi
541 664 657 727 Domini
686 664 817 729 lidelibns
845 669 886 728 ita
908 667 1024 748 praedi·

98 749 269 808 venerabilia
292 761 489 823 sacramenta,
518 750 671 812 secundum
700 752 904 812 imcaminnen
932 754 1022 833 ipsias

98 843 153 905 tnr,
177 832 217 892 ibi
237 844 319 893 certo
340 844 473 913 estpars
494 832 646 895 Ecclesiae
668 834 743 906 sins,
764 845 794 895 et
816 836 844 894 in
867 836 916 897 tali
937 846 1020 896 coeto

98 918 205 975 anninus
224 935 293 979 vere
315 936 455 996 praesens
474 928 531 991 cst,
561 928 592 978 et
611 936 665 998 per
682 918 868 978 ministerium
889 919 970 980 verbi
991 930 1022 982 ct

98 1020 149 1058 um
172 1019 286 1060 suornm
303 1002 422 1061 salnte-
453 1003 481 1061 in
509 1000 642 1061 cordibae
663 1000 785 1061 lidehum
807 1003 885 1062 iuxta
907 1000 1018 1063 ordina·

98 1104 120 1141 m
149 1094 298 1163 operatur,
337 1084 449 1145 etiamsi
477 1084 618 1145 interdum
647 1086 769 1145 ministri
795 1084 947 1147 Ecclesiae
972 1086 1021 1165 qni

108 1179 283 1228 sacramenta
311 1167 427 1229 Domini
459 1169 675 1245 administrant,
709 1169 876 1249 hypocritae
905 1170 963 1228 siat
991 1176 1022 1229 et

98 1252 163 1310 ulrra
186 1251 345 1312 Ecclesiae.
390 1253 515 1312 Verbum
536 1274 567 1311 n.
587 1252 645 1312 llei
666 1263 698 1312 et
717 1272 785 1311 usus
816 1252 1021 1312 venerabilium

98 1356 148 1392 aar
171 1337 296 1413 potentia
317 1332 376 1396 Dei
397 1345 443 1397 est
463 1334 499 1395 sd
526 1337 644 1396 salntem
678 1337 755 1395 omni
783 1335 910 1395 credenti
922 1376 932 1406 ,
962 1354 1019 1394 noa

98 1422 210 1477 nitatem
233 1421 311 1489 sius,
345 1420 410 1497 qnia
432 1438 467 1479 ea
488 1418 677 1491 administrat,
706 1418 758 1479 sed
787 1430 903 1499 propter
929 1418 1019 1477 solam

98 1524 112 1559 a
145 1502 252 1561 Christi
286 1501 421 1573 Domini,
465 1505 512 1581 qui
544 1521 598 1581 por
630 1522 726 1562 veram
765 1522 843 1561 suam
880 1520 1019 1581 praesen-

100 1586 235 1646 tationem
255 1587 370 1665 spiritns
391 1588 483 1646 sancti
510 1586 611 1646 efficax
638 1596 693 1646 est.
734 1583 861 1665 Ideoque
886 1587 959 1645 sicut
976 1582 1019 1643 di-

97 1672 143 1729 ttri
163 1669 251 1729 verbo
273 1680 304 1728 ct
324 1672 510 1731 meranensis
529 1669 639 1731 carim
660 1668 731 1729 nibil
750 1666 845 1728 aldit:
868 1668 910 1728 lla
934 1670 1020 1727 eliam

98 1764 109 1811 t
136 1753 297 1833 hypocrisis
327 1756 391 1814 elas
411 1752 482 1815 niti!
508 1752 625 1825 adimit,
655 1753 735 1814 iuxta
769 1749 875 1812 dictum
902 1750 1021 1811 bonini

154 1838 186 1895 ln
224 1835 361 1897 cathedra
395 1837 490 1897 Masis
517 1835 620 1897 sedent
648 1835 763 1898 scribac
792 1845 824 1896 et
848 1833 1017 1895 Pharisasic

97 1940 127 1998 go
148 1919 273 1980 dixerint
290 1920 372 1981 robis
393 1931 507 1982 accrate
527 1930 557 1980 et
579 1922 688 1995 facite,
709 1930 739 1981 at
758 1917 910 1981 secundum
932 1936 1021 1999 opera

97 2025 105 2062 r
128 2004 245 2063 facere:
269 2001 369 2063 dieunt
390 2008 466 2065 enim
489 2015 519 2064 et
539 2024 595 2065 aon
618 2005 738 2063 iaciunt.
1007 2064 1013 2073 ,

101 2099 194 2144 tanuen
214 2084 374 2145 Ecclesiam
395 2086 467 2159 Dei,
491 2106 554 2156 eos,
584 2089 631 2165 qui
652 2087 803 2147 manifeste
825 2083 1017 2143 scandalosam

98 2181 191 2228 cotem
219 2170 304 2227 vitam
332 2178 438 2246 agust,
475 2167 634 2247 mediisque
660 2168 797 2247 legitimis
824 2167 930 2245 corrigi
959 2185 1016 2225 non

112 2252 270 2311 ministerio
299 2249 507 2311 Ecclesiastico
535 2268 705 2322 removere,
741 2261 773 2310 st
795 2260 925 2330 quantum
953 2249 1016 2307 heri

97 2334 296 2395 discumbere
307 2377 319 2408 ,
341 2344 374 2394 nt
394 2332 434 2395 ln·
453 2331 587 2393 Ecclesia
611 2331 670 2394 Del
692 2344 722 2395 et
748 2330 878 2395 doctriua
903 2340 933 2392 st
957 2333 1015 2394 rita

97 2420 211 2500 culpata
231 2419 281 2479 sit.

310 2552 507 2615 Articulns
532 2550 604 2615 xll.

96 2655 183 2718 113th
205 2650 452 2725 ECCLESlhE,
479 2651 566 2713 VEL
591 2644 832 2713 POTESTATE
854 2648 948 2711 EIUS
971 2648 1014 2709 ΙΝ

330 2735 587 2798 llllNlSTERlO.

114 2850 240 2917 potestas
266 2837 491 2909 Ecclesiastica,
524 2854 606 2916 qna·
631 2832 774 2895 Deoniana
807 2835 838 2894 in
865 2832 1014 2913 Scriptura

97 2924 156 2980 sine
176 2942 245 2981 suae
266 2922 419 2999 Prophetis
448 2931 478 2981 et
499 2918 668 3000 Apostolis,
688 2936 844 2998 eorumque
863 2934 1013 2977 successo·

96 3004 162 3062 dere
184 3015 213 3063 ct
235 3005 362 3064 tribuere
382 3003 515 3081 dignatus
536 3013 593 3074 est,
615 3002 729 3082 proprie
750 3018 783 3059 so
803 2998 930 3061 extendit
955 3018 1011 3057 noa

107 3107 261 3166 personas,
293 3086 343 3147 sed
365 3086 400 3147 ad
425 3086 552 3147 Verbum
573 3084 646 3156 Dei,
679 3085 760 3146 euius
786 3084 907 3143 ministri
933 3091 1009 3152 sunt,

96 3193 128 3228 mn
158 3172 211 3230 hoe
233 3182 317 3249 pacto
343 3172 378 3229 iis
406 3169 619 3240 concreditum,
648 3177 679 3227 nt
703 3165 856 3227 remaclum
882 3165 1009 3225 Verbum

96 3266 199 3312 ntalem
222 3255 283 3313 eius
305 3255 334 3313 in
357 3253 404 3312 illo
426 3255 594 3332 patefactam
609 3250 708 3310 eodem
723 3252 892 3328 longantur:
914 3266 1011 3329 quem·

96 3341 210 3397 ¹ominus
230 3338 311 3396 lesus
332 3336 479 3417 discipulis
500 3337 558 3395 suis
577 3335 691 3395 emissis
719 3345 798 3393 certa
822 3333 1009 3393 instructione

98 3425 156 3500 pit,
192 3423 322 3480 nimirum
353 3431 382 3478 ut
410 3432 510 3479 euntes
535 3418 673 3479 docerent
702 3417 863 3479 Ecclesiam
893 3434 1010 3476 seruare

96 3513 785 3665 llllllhlgltllzltlll.”⁰l:¹,·l:3.ll5
798 3498 1009 3660 lllllll

96 3693 182 3732 caere
210 3692 242 3732 se
275 3682 304 3730 et
330 3669 490 3730 Ecclesiam
512 3690 591 3729 snam
614 3669 793 3747 gubernent,
815 3668 869 3727 nisi
890 3685 925 3726 eo
945 3676 1007 3724 tan·

96 3759 125 3815 ab
147 3759 210 3836 ipso
230 3767 361 3834 tanquam
381 3754 522 3830 Magistro
542 3772 595 3812 suo
611 3771 649 3812 ex
669 3771 722 3812 ora
742 3753 805 3813 eius
826 3748 1007 3819 audiverunt,

102 3842 263 3900 memoriam
287 3840 371 3897 etiam
384 3837 509 3916 Spiritus
524 3845 639 3894 mactus
660 3836 717 3896 illis
736 3854 873 3895 revocare
895 3830 1004 3899 debuit,

96 3925 234 3994 somnia,
262 3941 333 4003 quae
360 3919 493 3982 Christus
512 3918 653 3979 Dominus
679 3916 788 3980 locatas
808 3927 854 3978 est
875 3916 955 3996 ipsis,
977 3922 1009 3972 et

96 4028 99 4060 l
120 4008 274 4065 contraria.

96 4112 115 4148 a
131 4091 240 4167 igititur
250 4087 399 4148 Pastorum
420 4095 451 4146 ot
467 4085 657 4147 ministrorum
670 4085 840 4155 Ecclesiae,
862 4098 1008 4141 verorum·

97 4193 178 4231 aarum
197 4191 413 4242 successorum,
433 4170 488 4228 hoc
515 4179 575 4243 est,
602 4190 721 4251 nempe,
747 4167 876 4228 doctrina
897 4162 1007 4223 Christi

95 4277 165 4326 rum,
187 4254 347 4317 Ecclesiam
368 4253 424 4314 bai
446 4254 574 4333 plantare
594 4266 625 4318 et
643 4256 753 4325 colere,
773 4251 917 4313 Sethasm
937 4264 1010 4303 vcro

95 4351 104 4400 t
125 4350 269 4413 eaermrc,
292 4356 364 4399 sves
380 4335 491 4401 ctam
510 4356 643 4419 precem
669 4338 752 4417 lupos
771 4350 892 4417 rapaces
913 4331 951 4391 ab
971 4329 1010 4387 iis
