2648 4928
275 320 334 337 ··
411 402 414 407 .
503 302 696 380 Conclusio.
740 260 766 357 ι’
940 310 945 317 ’
1081 314 1155 411 721

95 510 115 552 r
139 508 218 571 spem
237 490 269 550 ia
284 507 336 560 co,
356 486 501 569 purileot
520 490 660 573 scopam,
681 491 761 550 most
778 496 810 551 et
828 488 880 551 ille
896 508 993 571 pm
1014 502 1069 559 eal.
1113 496 1154 560 ltt

95 578 192 635 storea
208 581 368 645 sspctorom
391 580 446 632 tam
466 570 584 632 Veteris
605 590 688 652 qoam
716 569 794 634 Novi
812 570 992 638 Testamenti
1013 582 1153 663 exemplis

95 664 261 737 srgooomr,
284 655 332 735 qui
353 655 421 715 licet
439 652 476 716 de
487 673 538 715 sue
559 656 775 735 persewroutis
790 665 821 717 et
840 656 932 720 salute
951 667 1152 739 esseut·'ccrti,

95 739 224 803 smiles
243 749 349 812 mmor,
371 737 492 821 aliisque
512 739 629 821 pietatis
650 739 808 816 exercitiis,
830 739 937 803 assidei
958 744 1084 808 lueroat.

560 902 631 968 vll.

117 1020 178 1101 Qud
197 1018 320 1095 docent,
349 1018 478 1097 „Fidem
502 1020 739 1103 tempor-ariorum
766 1040 785 1085 a
810 1022 984 1088 iustitioautc
1009 1037 1041 1088 et
1064 1028 1152 1093 salvi.

95 1126 118 1169 ι
135 1104 193 1168 lide
211 1127 268 1167 nou
290 1103 406 1179 differre
428 1106 485 1169 uisi
515 1105 577 1166 sols
596 1103 788 1167 duratione.“
827 1104 902 1169 Nam
924 1106 1057 1172 Christus
1084 1114 1148 1194 ipse

95 1191 141 1253 tlt.
158 1188 246 1264 xltt,
269 1198 321 1254 20.
343 1189 460 1251 ctLoc.
477 1188 562 1263 Vlli,
586 1198 637 1252 le.
660 1209 694 1250 ac
713 1186 860 1272 deinceps,
884 1190 988 1281 triplex
1000 1205 1153 1275 praetores
1224 1218 1226 1223 ·
1291 1192 1295 1199 ’

95 1275 321 1354 rtcmporarios
342 1284 372 1334 ct
388 1292 472 1335 veros
494 1272 594 1335 fideles
620 1272 774 1336 discrimem
802 1275 955 1336 manifesto
991 1278 1150 1354 contituit,

95 1376 118 1421 n
139 1356 212 1418 illos'
225 1356 295 1420 dicit
315 1375 412 1418 semen
433 1357 565 1438 recipere
580 1357 610 1417 iu
624 1367 703 1418 terra
715 1366 843 1438 petrosa,
864 1357 957 1421 hosis
974 1369 1052 1423 terra
1062 1362 1148 1437 loos,

104 1438 196 1504 eorde
215 1439 308 1502 bonor
331 1440 395 1501 illos
415 1459 517 1502 carere
538 1436 648 1514 radice,
671 1440 724 1500 los
744 1438 871 1503 radicem
892 1442 1000 1504 firmam
1021 1444 1147 1511 haberer

122 1522 262 1587 fructibus
294 1543 361 1587 esse
382 1542 504 1598 vacuos,
536 1522 589 1584 loos
613 1524 738 1586 fructum
764 1542 845 1587 suum
867 1520 981 1589 diversa
1002 1546 1148 1605 memora,

95 1616 202 1671 utauter
221 1626 273 1669 seo
293 1618 517 1690 perseveranter
534 1606 679 1690 prolerre.

551 1771 632 1836 vltt.

117 1887 177 1966 Qui
198 1886 320 1962 docent,
342 1886 436 1962 „Noa
459 1907 524 1951 esse
543 1886 714 1964 absordum,
747 1889 888 1952 honinem
908 1891 1005 1973 priore
1026 1912 1150 1975 rogome-
1215 1956 1219 1964 ,

95 1962 332 2045 ΙὶοπΙοιῑίιιοω,
356 1974 477 2045 iterato,
505 1974 562 2034 imo
590 1974 705 2054 saepius
730 1976 888 2037 nmmtr‘
928 1974 971 2037 ni
999 1980 1078 2040 cuim
1098 1998 1155 2061 por

95 2056 288 2119 :doctricem
309 2064 417 2135 nepot
436 2057 555 2116 seminis
576 2053 655 2130 Dei,
676 2075 732 2137 por
750 2055 825 2138 quod
845 2060 1032 2141 rooascimer,
1053 2063 1150 2123 incor-
1172 2088 1183 2107 ·

95 2138 265 2203 ilsilitatemc
287 2136 425 2200 adversus
445 2139 637 2200 testimouium
659 2138 790 2219 Apostoli
810 2140 904 2214 Petri,
924 2140 1020 2221 Epist.
1038 2142 1067 2207 1.
1082 2165 1147 2227 cap.

95 2232 144 2289 »dc
164 2225 272 2289 deuoti
284 2242 343 2285 moa
359 2224 520 2284 caremus
538 2223 732 2303 corruptibili,
752 2224 806 2284 red
827 2226 1050 2305 riscorrtpto'dtli.

558 2374 619 2449 lx.

117 2504 176 2583 Qu
196 2500 320 2578 docem,
344 2501 526 2579 „Christum
539 2521 678 2584 uunquam
699 2522 818 2584 rogasse
839 2523 892 2587 pro
918 2504 1057 2568 infallibili
1085 2524 1150 2568 ero·

95 2592 192 2651 atium
210 2591 241 2650 iu
255 2587 317 2650 tide
339 2589 593 2668 perseverantis.“
634 2584 840 2649 contradicunt
857 2587 933 2649 euim
943 2590 999 2671 ipsi
1018 2589 1149 2663 Christo,

95 2672 145 2735 ull
164 2671 238 2734 Luc.
261 2672 362 2743 xxti,
386 2681 445 2735 32:
477 2675 543 2751 Ego
568 2674 676 2751 rogaui
699 2691 756 2751 pro
777 2681 824 2745 tc,
848 2675 953 2747 Patre,
976 2693 1014 2734 ne
1032 2672 1153 2754 defieret

95 2764 192 2819 eleo.
234 2753 275 2816 Et
304 2755 504 2835 Evangelistae
527 2756 647 2816 lohaoui
673 2756 801 2829 testanti,
823 2755 923 2816 lolam.
951 2754 1058 2832 xvss,
1085 2766 1147 2821 20:

95 2836 184 2902 loma
211 2834 276 2900 ‘uon
310 2849 417 2899 tartum
450 2861 502 2920 pro
537 2840 690 2919 apostolis,
726 2836 777 2900 scd
810 2840 895 2901 etiem
925 2859 978 2919 pro
1007 2840 1148 2911 omuibus,

112 2942 272 2997 morem
292 2925 417 3003 ipsorum
439 2922 610 2995 credituris,
633 2940 750 2983 orasses
774 2941 854 2985 vers.
887 2932 945 2986 11:
975 2926 1064 2986 Pater
1079 2942 1151 3001 por·

117 3026 254 3069 esarmo
274 3025 324 3066 coo
342 3009 372 3067 ia
392 3010 504 3068 romolae
526 3016 585 3067 tuo.
629 3005 671 3066 Et
689 3024 769 3068 vers.
794 3011 855 3071 152
885 3010 951 3071 Note
977 3026 1030 3068 oro
1048 3017 1081 3070 set
1102 3024 1152 3068 cos

95 3104 126 3153 ts
147 3110 164 3152 e
183 3092 299 3170 nando,
319 3110 350 3151 oe
367 3100 566 3175 utcouservcs
584 3109 667 3152 eoso
688 3091 774 3152 molo.

429 3442 760 3542 Conclusio.

116 3574 215 3660 Atque
238 3578 310 3642 duee
331 3591 376 3642 est
395 3583 563 3663 perspicue,
594 3582 733 3665 simplex,
761 3580 886 3660 lugemus
909 3573 1095 3640 orthodoxae
1116 3571 1154 3636 de

95 3678 171 3745 uque
191 3662 330 3724 Articulis
351 3667 380 3725 io
402 3665 505 3745 Belgio
534 3667 730 3727 controversie
755 3663 903 3726 doetrinae
934 3659 1101 3732 declaratio,
1123 3668 1154 3718 et

95 3762 180 3822 emm,
202 3747 304 3827 quibus
326 3748 476 3810 Ecclesiae
503 3749 643 3829 Belgicae
669 3746 840 3828 ellquumdiu
868 3755 934 3809 suut
960 3742 1152 3827 perturbatae,

95 3830 176 3902 etto,
199 3850 281 3910 quam
302 3831 436 3913 Synodus
458 3853 495 3895 ex
514 3834 603 3895 verbo
621 3831 678 3892 Del
705 3829 901 3911 desumptam,
933 3841 963 3888 ct
987 3824 1155 3888 Confessio-

95 3926 123 3971 ιε
135 3910 364 3976 lleiormatarum
382 3915 579 3978 Ecclesiamm
593 3925 813 3985 consentaneam
827 3930 893 3977 esse
909 3910 1026 3973 iudicat.
1069 3903 1155 3966 Unde

95 3992 144 4057 llo
166 4008 285 4076 apparet
306 4017 374 4073 eos,
399 4020 469 4082 quos
497 3998 527 4061 id
557 4000 672 4060 minime
693 3995 802 4072 decuit,
827 4001 900 4059 eitra
922 4009 1032 4055 omnem
1051 3991 1157 4053 verita·

95 4117 111 4151 .
131 4082 315 4161 aequitatem,
337 4094 368 4144 et
388 4084 555 4144 claritatem
577 4083 679 4163 populo
701 4082 873 4145 inculcatum
894 4079 1036 4141 voluisses

120 4160 316 4237 „lloctrioam
344 4165 541 4229 Ecclesiamm
570 4166 802 4228 Reformatorem
835 4165 873 4226 de
898 4155 1157 4246 praedestinatione

95 4247 930 4421 d'd‘iiddd'Pd‘ilop'ildia'‘aim‘’⁸
978 4238 1160 4399 titii
