2648 4928
404 260 551 371 errem
571 300 743 392 xxxta.
953 378 958 397 ,
1058 297 1135 377 aas

99 477 250 562 praeclaro
269 474 328 538 [lei
347 475 487 539 beneficio
509 488 575 538 sunt
595 475 713 552 donati,
730 460 786 541 ,im
807 480 909 561 spirite
928 466 1136 564 eius,'oppor-

113 576 246 644 tempore
267 571 425 643 operante,
446 561 599 622 seeundum
623 565 795 642 propositum
818 565 879 625 eiua
901 576 1057 639 vocantur,
1086 587 1136 627 ro·

99 648 130 709 ai
151 646 346 729 pergratiam
367 655 484 725 parent,
506 645 693 706 iustificantur
704 649 806 726 gratis,
828 642 998 728 adoptantur
1016 650 1046 709 in
1062 649 1137 711 lilios

125 730 268 810 unigeniti
288 729 351 789 eiua
374 728 440 788 lesu
462 726 572 788 Christi
591 729 708 809 ima'gini
729 730 887 791 cfficiuntur
907 732 1082 806 conformes,
1107 734 1138 794 in

99 834 108 879 ι
135 813 271 896 operibns
301 822 399 873 sancte
423 811 586 884 ambulant,
617 823 648 872 et
666 811 778 875 demam
804 833 841 875 ex
861 812 919 874 Dei
939 814 1138 879 misericordia

161 906 191 957 nt
212 893 249 957 ad
270 895 469 976 sempiternum
492 896 667 956 felicitatem.

157 977 352 1043 emadmodnm
373 976 640 1059 praedestinationis
658 988 689 1040 et
708 978 859 1041 electionis
879 989 995 1043 nostrae
1007 980 1037 1043 in
1052 980 1138 1044 Chri-
1256 1022 1259 1028 ·

99 1064 138 1127 tia
156 1061 364 1135 consideratio,
386 1060 488 1134 dulcis,
510 1063 605 1122 suevis
624 1073 654 1123 et
670 1062 821 1125 ineffabilis
838 1064 1040 1125 consolationis
1055 1065 1139 1147 plena

99 1166 163 1211 Pere
186 1149 262 1229 piis,
291 1156 321 1207 et
341 1146 376 1206 iis
397 1147 444 1225 qni
465 1146 593 1206 sentiunt
613 1147 642 1206 in
663 1166 696 1208 se
718 1147 773 1207 vim
788 1145 905 1227 spiritus
920 1145 1040 1222 Christi,
1062 1149 1139 1210 iacta

99 1232 126 1293 ἰι
152 1242 182 1293 rt
207 1229 332 1290 memhra
362 1248 434 1309 qnae
464 1228 557 1290 adhoc
580 1239 645 1290 suut
671 1247 757 1310 super
783 1240 889 1290 terrem
910 1232 1137 1305 mortificantem,

99 1332 207 1458 pappus
228 1311 264 1374 ad
284 1312 419 1455 coeleptie
438 1321 468 1373 et
488 1313 810 1456 ⁸⁰P⁰¹⁸⁰³d¹⁸³l³i⁹¹¹tffih
823 1323 881 1374 tum
901 1314 965 1455 qn'ia
977 1313 1065 1415 ’iidem
1087 1337 1139 1377 uo·

105 1408 364 1563 ntqdetdhedliramdi
371 1407 719 1559 dtduiadnqsdiauedmhrhhi
735 1407 1140 1544 uosiihddamiupdhrddthmhdhd·

99 1582 143 1627 er
167 1563 319 1626 excedite
347 1562 390 1623 ltn
416 1562 574 1622 homiuibus
601 1564 740 1637 curiosis,
769 1562 949 1637 menullino,
974 1575 1011 1647 ‚⁶²
1033 1564 1141 1646 Spiritu

99 1649 143 1709 eti
161 1646 307 1709 destitutis
327 1646 364 1706 oh
385 1645 483 1707 oeulos
502 1657 638 1726 perpetuo
661 1648 772 1708 versari
794 1644 1062 1729 praedestinationis
1083 1646 1141 1711 Dei
1231 1700 1237 1711 .

99 1733 218 1804 tertiam
240 1730 511 1811 perniciosissimum
532 1739 579 1789 est
600 1716 810 1811 praecipitium,
829 1729 905 1791 unde
926 1731 992 1792 illos
1013 1730 1142 1793 diaholus
1190 1728 1197 1743 '

99 1812 172 1877 ntis
196 1814 243 1876 vel
266 1816 297 1873 in
323 1813 572 1893 desperationem,
602 1814 649 1874 vel
669 1815 698 1873 iu
720 1834 811 1895 acque
837 1815 1029 1895 perniciosam
1051 1816 1141 1897 impu·

99 1915 162 1961 nec
181 1898 256 1959 vitae
277 1899 469 1959 recordatam.
513 1894 628 1958 Deinde
653 1898 858 1977 promissiones
878 1897 987 1958 divinas
1015 1900 1057 1960 aic
1082 1900 1141 1960 ειὲ

99 1982 120 2042 i
147 1992 276 2063 oportet,
313 1990 342 2041 ut
363 1980 444 2040 nohis
473 1981 502 2041 in
531 1981 622 2041 sacris
654 1981 746 2042 literis
777 1982 954 2062 generaliter
978 1985 1142 2063 propositae

99 2107 121 2137 ,
139 2076 169 2127 et
186 2064 245 2127 Dei
265 2064 396 2126 voluutas
418 2065 447 2123 in
464 2065 571 2139 nostris
591 2065 751 2127 redonibus
772 2085 809 2128 ea
828 2063 973 2146 loquenda
994 2077 1039 2127 est
1058 2086 1141 2147 onear
1231 2115 1236 2124 .

100 2149 175 2213 urhe
193 2147 253 2211 Dei
272 2148 408 2211 maenus
422 2145 535 2209 diserto
559 2147 723 2210 revelatam.
1198 2164 1201 2171 ’

99 2328 135 2397 le
153 2331 312 2417 mondo
338 2337 468 2394 cerm
488 2330 594 2393 sainte
612 2337 739 2393 tratura
765 2330 800 2392 ira
822 2330 947 2393 semeae
967 2327 1091 2393 Christi.

116 2454 229 2529 xviri.
260 2462 333 2526 Sunt
352 2475 381 2526 et
398 2464 440 2525 illi
461 2460 716 2523 anathematizandi
736 2462 783 2544 qui
803 2456 900 2525 dicere
920 2462 1025 2526 audent
1045 2485 1143 2527 uuum·

99 2568 165 2633 tque
186 2552 214 2610 in
237 2549 301 2627 lege
323 2559 473 2620 antsecta,
495 2567 577 2626 qnam
592 2548 752 2626 profitetur,
773 2565 839 2607 esse
856 2547 1039 2621 serrandum,
1061 2548 1144 2609 modo

99 2650 114 2693 ι
134 2633 207 2697 illam
231 2635 373 2694 etlumen
396 2643 514 2692 naturae
537 2641 669 2691 accurate
690 2632 814 2705 vixerit,
835 2650 897 2692 curu
921 2648 1022 2707 sacrae
1045 2633 1145 2694 literae

99 2734 143 2777 am
164 2716 230 2778 lesa
253 2714 361 2778 Christi
386 2735 487 2777 nomeu
511 2713 695 2797 praedicent,
724 2717 752 2775 in
776 2714 945 2796 prosaltor
970 2714 1034 2785 lieri
1055 2715 1143 2778 homi·

102 2811 250 2885 oporteat.

475 2963 525 3025 De
550 2963 705 3026 Ecclesia.

122 3099 206 3163 xtx.
236 3098 369 3160 Ecclesia
392 3097 500 3158 Christi
527 3097 647 3157 visibilis
669 3107 717 3157 est
741 3107 840 3158 coetae
861 3094 1004 3170 fidelium,
1040 3099 1070 3158 in
1092 3118 1146 3177 qno

99 3199 157 3245 tm!
167 3184 224 3246 Dei
246 3204 344 3266 purum
363 3181 559 3264 praedicatur,
576 3191 605 3240 et
627 3181 825 3254 Sacramenta,
840 3181 930 3261 quoad
950 3200 1078 3263 capuae
1098 3202 1147 3242 no·

99 3270 169 3329 urio
194 3272 363 3348 exiguntur,
397 3269 473 3325 iuxta
495 3263 602 3323 Christi
627 3265 784 3324 institutum
802 3276 882 3326 recte
903 3263 1147 3333 administrantur.

99 3358 125 3409 a
152 3355 259 3414 erravit
289 3350 423 3411 Ecclesia
454 3350 735 3425 Hierosolpmr'trrnn‚
764 3349 988 3420 Alexandrian,
1028 3359 1057 3409 et
1084 3350 1149 3410 Aa·

99 3428 190 3497 herr:
225 3438 265 3497 ite
297 3446 326 3496 et
357 3434 465 3495 erravit
498 3430 632 3491 Ecclesia
663 3435 812 3508 Romano,
851 3452 907 3493 nou
939 3432 1027 3492 solum
1057 3430 1149 3513 quoad

99 3516 167 3665 Ee,
197 3531 227 3582 et
254 3519 480 3581 ceremoniarum
508 3515 598 3587 ritus,
628 3532 726 3575 rerum
754 3517 784 3577 iu
810 3517 847 3577 lis
876 3517 961 3578 etiam
986 3533 1059 3596 quae
1086 3534 1149 3577 cre·

154 3615 231 3665 suut.

374 3765 423 3827 De
438 3763 602 3829 Ecclesiae
618 3762 816 3827 authoritate.

124 3899 196 3962 XX.
241 3899 394 3962 Ecclesiae
423 3919 479 3961 uon
510 3900 577 3960 licat
608 3899 755 3977 quicquum
783 3894 934 3955 instituere
965 3891 1039 3975 qaod
1064 3894 1152 3954 verbo

128 3985 314 4058 adversetur,
338 4004 430 4065 neque
454 4003 538 4043 uuum
560 3983 724 4060 Scripturre
747 3981 837 4039 lorum
859 3979 903 4038 aie
924 3997 1069 4057 exponere
1090 3988 1152 4056 pot-

136 4079 169 4130 ut
195 4069 279 4130 alteri
308 4067 493 4130 contradicat.
546 4066 644 4139 Quare
671 4063 737 4123 lieet
763 4061 899 4123 Ecclesia
928 4063 968 4120 sit
996 4059 1153 4120 divinornm

99 4162 178 4215 tram
206 4155 306 4226 testis,
336 4163 366 4212 et
391 4152 603 4219 conservatrix,
634 4156 757 4207 attamen
788 4155 819 4205 ut
843 4142 981 4208 adversus
1006 4162 1057 4203 eos
1084 4145 1153 4203 nihil
1277 4213 1279 4217 7

99 4244 214 4309 tmere,
238 4239 278 4299 ita
291 4247 415 4317 practer
436 4236 524 4307 illos,
547 4232 617 4293 nihil
638 4227 809 4293 eredendum
830 4228 866 4293 de
886 4229 1058 4291 necessitate
1079 4228 1154 4287 sala·

99 4314 189 4387 dehet
206 4319 372 4384 obtrudere.
816 4346 820 4357 ·
