2648 4928
825 118 828 123 ¹
931 144 941 181 v

193 336 418 430 Consignutiu
442 303 728 413 Observationum
743 342 894 417 l'osusn.
1018 294 1096 427 bbd

99 536 113 577 ι
131 515 325 598 apprubstnrr
353 513 451 597 Atque
478 525 537 577 nm
559 517 590 579 iu
608 515 761 582 Ministros
780 518 989 605 mouentes,
1011 546 1095 609 unum

99 601 128 661 is
145 599 272 661 membru
291 598 461 672 Ecclesiae,
486 601 549 661 sinu
574 612 708 682 respectu
732 623 917 684 personarum
943 619 975 671 ut
995 620 1097 675 extua-

111 684 308 745 necessarium
336 701 402 745 esse
433 680 608 746 iudicamuss
635 684 725 765 idque
743 707 798 748 non
824 688 924 752 solum¹
944 692 1040 755 verbis
1062 707 1096 757 ut

99 764 308 843 lucentinus
328 767 403 847 ipss,
425 777 457 826 et
475 768 607 845 veritate,
627 766 780 831 secuudum
802 770 961 837 mundatum
976 770 1094 839 Domini

99 850 202 925 ἐνίοτέ,
239 861 271 911 et
299 850 457 931 exemplum
491 848 691 930 Apostolorum
719 844 827 915 Mattb.
859 854 898 918 V.
922 868 953 919 ot
978 857 1090 925 xviii.
1221 866 1227 879 '

99 932 136 994 X.
161 943 180 997 1
204 933 276 995 Cor.
299 933 339 995 V.
360 942 381 997 2
403 931 493 993 Tbss.
513 932 568 996 111.

99 1017 128 1077 1.
172 1015 308 1079 Libertas
327 1018 376 1079 illa
397 1015 572 1090 conceditur,
594 1026 625 1077 ut
645 1016 776 1081 lll'snistri
796 1030 827 1083 ct
846 1020 972 1084 membra
992 1034 1093 1087 metus

103 1100 223 1163 alterius
247 1108 346 1162 coetus
368 1100 520 1161 Ministros
549 1110 578 1159 et
605 1101 750 1177 membru,
785 1100 877 1165 sicubi
896 1122 969 1189 opus
989 1106 1091 1185 luerit,

99 1195 138 1245 stc
159 1195 190 1245 et
209 1185 384 1265 poenitentis
404 1183 670 1248 commonefaciant.
713 1246 718 1251 .

101 1264 141 1327 n.
187 1266 315 1342 Quilibet
333 1267 437 1329 Pastor
456 1265 492 1327 dc
514 1267 638 1349 propriis
659 1266 838 1331 auditoribus
864 1280 894 1331 ot
912 1272 1032 1335 oviculis
1052 1272 1092 1337 sd

99 1370 171 1411 nram
193 1350 397 1432 pertinentibus
419 1350 693 1431 sciat-illorumque
713 1356 810 1413 versus
830 1370 927 1415 ursas
947 1364 1025 1436 agat.

99 1434 140 1495 v.
161 1433 318 1514 Utriusque
338 1435 428 1515 partis
448 1432 578 1495 Ministri
602 1432 640 1495 ud
666 1453 748 1497 usum
768 1433 1017 1503 Secrmeutorum
1038 1458 1089 1503 su·

103 1517 140 1579 sb
160 1518 252 1578 altera
273 1528 354 1597 purte
373 1517 523 1579 venientes
553 1537 610 1577 non
634 1514 798 1591 admittunt,
959 1520 1089 1587 ustui-
1213 1521 1218 1531 ’

99 1603 177 1663 tusis
197 1602 286 1673 iilius,
308 1604 389 1662 cuius
410 1601 543 1682 propriae
567 1600 718 1664 subiacent
732 1516 1009 1689 mnsam
1028 1602 1089 1669 Co-

99 1684 215 1767 Syuodo
237 1684 386 1759 Generali,
408 1695 457 1746 sut
473 1686 549 1745 forte
569 1684 663 1765 dique
683 1685 927 1767 peregrinatione.
1171 1678 1174 1685 ’

99 1766 124 1831 l.
168 1766 413 1829 Excommuuicati
435 1765 608 1829 authoritate
628 1766 750 1830 clavium
765 1764 877 1847 Christi
892 1766 930 1832 ab
949 1790 1006 1834 uuo
1018 1791 1086 1835 uos·

115 1848 299 1913 admittuntur
316 1851 351 1912 ad
372 1851 488 1914 Sacram
507 1848 633 1912 Cocnsm
651 1851 680 1912 iu
701 1850 794 1914 altaro
811 1860 913 1933 metu„
928 1854 987 1917 uisi
1003 1858 1087 1939 prius
1193 1914 1195 1921 .

99 1935 192 1997 elusis
214 1955 295 2016 Qum
316 1934 496 1997 offenderunt
511 1935 745 1997 reconcilientur.

99 2018 136 2080 ll.
180 2018 332 2079 Ministros
360 2020 389 2079 iu
417 2040 473 2080 uno
503 2029 587 2079 coetu
616 2038 653 2079 en
671 2014 765 2079 officio
792 2016 941 2101 depositos
966 2021 1086 2084 velu-

99 2104 210 2176 isetos,
237 2101 365 2162 Misictri
386 2114 485 2165 coetus
505 2101 623 2162 alterius
650 2120 705 2163 nec
726 2102 884 2183 recipiant,
914 2120 969 2165 nec
989 2102 1086 2167 aaut·

99 2204 138 2249 ise
163 2187 220 2247 illis
239 2184 429 2247 Ministeriuus
453 2186 626 2258 restituant,
648 2182 703 2247 sed
721 2182 829 2249 iudicio
850 2194 950 2249 coetus
970 2189 1016 2251 sui
1037 2207 1085 2251 ro·

99 2290 117 2330 u
136 2280 168 2332 ut
188 2266 374 2330 absolvendos
394 2268 566 2349 relinquant.
770 2302 774 2311 ·

99 2352 148 2417 lli.
191 2352 310 2414 Patroni
329 2350 481 2414 Ecclesiae
496 2362 526 2412 et
539 2349 742 2421 collocutores,
766 2348 807 2411 nil
822 2348 959 2413 madere
978 2350 1085 2416 doben

99 2456 126 2511 v,
151 2432 190 2497 de
215 2434 357 2497 mutandis
384 2447 415 2498 et
442 2432 613 2499 innovandis
633 2434 826 2509 ceremoniis,
855 2434 920 2498 alne
939 2454 1085 2500 consensu
1200 2446 1205 2458 “

99 2518 349 2587 ιΜῑιιίεῐτοπυηι.
795 2560 805 2581 -.

99 2602 163 2666 tiit.
208 2602 394 2665 Cercmunias
415 2614 444 2664 ct
464 2603 535 2663 ritus
555 2598 712 2681 papisticus
732 2599 838 2662 eandm
860 2600 1033 2665 auferendos
1052 2616 1083 2667 ct

103 2687 276 2750 suiiciendus
297 2707 364 2748 csse
386 2705 550 2759 censemus,
572 2694 604 2745 ut
625 2682 836 2756 Enoreismuus,
860 2684 999 2765 imagines
1020 2687 1083 2749 ido-

99 2791 132 2845 s,
160 2771 329 2832 Sanctorum
350 2771 507 2850 reliquias,
538 2788 618 2829 nsum
640 2767 866 2847 superstitiosum
888 2768 1081 2845 candelarum,

98 2855 224 2918 udonem
245 2854 414 2927 herbarum,
437 2853 538 2914 vexilla
550 2894 561 2926 ,
593 2868 695 2912 cruces
720 2868 824 2912 aureas
852 2860 884 2912 et
912 2864 1082 2934 argenteas,

104 2936 227 2999 similia:
254 2959 290 3000 ne
318 2958 371 3018 per
396 2937 447 2998 illa
465 2938 580 2998 verbnm
602 2931 660 2995 Dei
680 2934 865 3015 profanetur,
888 2946 919 2996 et
938 2956 975 2997 ne
996 2936 1082 2999 Anti-

99 3023 273 3104 putrociuari
293 3021 448 3083 videamur.

99 3123 134 3184 ll.
180 3122 213 3184 Si
241 3122 435 3184 controversia
461 3121 555 3199 aliqua
584 3118 673 3177 luerit
701 3115 800 3179 oborta
827 3116 904 3178 iuter
933 3120 1081 3202 utriusque

99 3207 239 3267 llinistros
258 3207 287 3267 in
310 3204 451 3267 Doctrina
472 3205 517 3301 vel
538 3204 567 3261 iu
591 3200 713 3300 liitibus·
726 3212 802 3262 etc:
825 3199 943 3263 Placido
955 3203 1033 3300 inter
1047 3223 1080 3262 ss

99 3286 1081 3448 idtt⁸it⁶tttni‘i¹„litt„tertiarius

99 3458 174 3518 nium
195 3455 316 3517 Maioris
336 3466 367 3517 et
393 3454 519 3515 Minoris
543 3451 681 3512 Polouiae
709 3459 860 3530 expetant:
889 3450 1000 3532 bneque
1026 3472 1081 3531 pro

99 3543 180 3602 recita
198 3542 316 3601 veritate
338 3558 408 3601 vcra
428 3548 459 3597 et
479 3556 516 3596 ex
536 3537 630 3594 animo
643 3544 800 3614 agnoscant
819 3544 852 3594 et
862 3534 1077 3615 amplectantur.

99 3638 120 3700 ἱ.
165 3637 388 3700 Observationes
411 3637 462 3697 bus
477 3632 657 3695 Concordiae
668 3635 810 3714 mutuique
827 3631 986 3694 Christiani
999 3633 1080 3694 Cos-

118 3720 192 3783 dstis
221 3725 379 3803 iunctisque
405 3720 513 3781 dextris
536 3728 634 3777 sancte
663 3718 844 3796 promisimus
870 3725 903 3776 st
920 3718 1079 3796 recepimus

111 3824 229 3879 omues,
259 3808 288 3865 in
311 3805 440 3866 omnibus
467 3802 608 3862 Ecclesiis
636 3798 762 3871 Cbristi,
789 3809 907 3860 nostrae
935 3818 1022 3860 esrae
1048 3801 1078 3858 is

99 3890 230 3951 inluniae
251 3889 398 3961 subiectis,
422 3887 576 3947 auxiliante
596 3882 675 3956 Deo,
702 3892 867 3944 consuatur
886 3884 1013 3943 rotinere
1035 3894 1078 3942 st·

99 3991 207 4035 mare.
250 3971 340 4055 idque
360 3971 576 4054 approbavimus
596 3968 711 4048 propris
734 3965 952 4049 subscriptione.

99 4121 159 4159 asse
177 4106 312 4168 utimar,
337 4104 515 4160 Ecclesismm
540 4097 723 4155 Conlmonis
743 4097 914 4178 Augustusne
937 4095 965 4149 is
982 4094 1078 4151 bisiori

99 4173 327 4241 buperintendsns,
345 4189 394 4227 suo
411 4178 439 4225 at
453 4171 578 4223 uranum
598 4181 706 4220 suorum
723 4168 840 4219 nonusise.

99 4243 160 4309 pios
175 4240 257 4294 lsrael
376 4238 503 4294 seniores
536 4234 716 4290 Ecclesiarum
745 4232 864 4296 christi,
893 4224 1077 4282 Couleuiosis

99 4322 141 4361 ses
175 4307 335 4362 Laurentius
376 4308 500 4363 Fmtrurn
517 4303 694 4363 Bobemcrum
713 4300 742 4354 in
759 4296 856 4356 tiniosi
874 4293 996 4359 russis
1012 4296 1082 4349 sub-

99 4374 339 4446 piassi’biiippensis
373 4375 544 4444 scripserunt.
792 4448 863 4511 w
