2648 4928
384 287 544 376 Synodus
568 289 839 360 l'etricovienais.
1087 290 1159 367 571

166 466 528 541 Petriooriensis
563 466 762 565 Syuodns
795 468 1047 566 Generalis,
1090 478 1095 497 '

115 598 203 667 Anno
230 598 346 659 Domini
367 596 412 659 hb.
434 598 474 659 D.
496 588 671 663 Lxxvflt'
696 602 769 664 lunii
793 602 840 665 dio
866 603 893 665 b.
921 604 962 667 lb.
987 616 1018 668 et
1043 604 1096 697 lbi.

138 740 339 799 Convenerunt
368 757 406 796 ec
436 738 565 799 omnibus
590 742 686 818 Regni
709 743 867 820 prpumcir's
893 742 1164 821 Supernttendentcs

85 820 269 902 refectionum
307 839 370 880 cum
402 822 570 881 Senioribus
603 834 634 884 et
657 843 808 884 numeroso
835 835 918 884 coetu
943 826 1161 886 ditissimorum.-

85 905 225 982 'ngnntum
245 905 356 962 ordinis
377 905 527 964 Senatorii
543 916 573 965 et
592 906 736 967 Nobilium
756 927 813 967 non
828 909 968 967 mediocri
976 908 1160 989 frequentia.

85 992 174 1048 anano
194 992 310 1049 Petro
330 987 512 1047 Zborouio
532 991 664 1048 Polatirm
686 993 886 1063 Describam,
917 1000 948 1050 et
968 994 1090 1052 Domino
1110 997 1163 1053 io·

85 1072 142 1132 abo
163 1072 410 1142 Niemoieuia,
436 1090 500 1130 cum
522 1074 635 1132 Paulo
662 1075 810 1133 Cilovio
832 1071 870 1153 (a
891 1076 1008 1152 Synodo
1027 1077 1162 1157 murat)

85 1157 216 1216 reminas
232 1163 335 1234 portes
355 1155 385 1213 im
406 1156 544 1233 regrinine
566 1157 680 1234 Synodi
698 1157 861 1235 agentibus.

296 1339 619 1412 Conclusiones
660 1342 921 1433 Synodicae.

136 1470 163 1533 1.
207 1469 283 1546 Quia
309 1471 392 1531 nohis
421 1473 537 1533 relatum
566 1484 628 1544 est,
658 1473 801 1534 conscribi
825 1474 857 1537 in
884 1473 1039 1536 Germania
1057 1492 1082 1534 a.
1095 1475 1166 1535 viris
1271 1512 1274 1521 ·

85 1557 146 1617 retia
168 1554 354 1623 Harmoniam
372 1554 592 1617 confessionum
611 1555 867 1636 Euangelicarnme
899 1577 957 1618 non
976 1557 1165 1639 improbamus

85 1640 169 1701 ariao
190 1637 264 1699 istud
286 1639 434 1700 consilium
455 1650 484 1700 ct
504 1640 627 1700 lahorem
651 1642 759 1720 piorum
776 1640 932 1713 hominnm,
954 1652 1081 1702 nostrum
1097 1661 1166 1702 con·
1240 1686 1244 1695 .

86 1742 169 1784 aean
191 1720 389 1784 Sendomiriae
410 1724 513 1784 iactum
536 1723 590 1785 hoe
611 1722 693 1783 modo
714 1742 881 1803 promovere
899 1734 984 1803 atque
997 1724 1166 1786 confirmare

85 1804 202 1887 {crpore
222 1803 379 1866 Doctrinae
409 1825 446 1865 cx
474 1805 709 1867 confessionibus
734 1808 838 1869 nostris
867 1812 1028 1889 compacto)
1051 1806 1166 1867 studen-

85 1911 133 1951 tm.
178 1887 239 1951 set
266 1900 410 1969 postquam
439 1889 526 1949 luerit
550 1910 620 1969 opus
646 1889 674 1949 id
701 1891 870 1969 publicatum
888 1910 922 1950 ac
943 1890 979 1953 ad
1000 1911 1052 1953 nos
1073 1891 1167 1972 perla-
1219 1932 1222 1937 -

85 1995 124 2045 m,
149 1971 354 2035 deliberabitur
374 1992 392 2033 a
413 1973 495 2033 nohis
518 1975 547 2033 in
567 1974 623 2034 alia
643 1972 761 2055 Synodo
783 1974 940 2048 Generali,
963 1995 1029 2035 nnm
1050 1976 1078 2036 ei
1100 1973 1165 2036 suh·

85 2056 187 2121 ritem
207 2054 370 2116 debeamus.

136 2138 179 2201 lb.
225 2138 389 2200 Consensus
412 2136 662 2212 Scndomirieusis,
684 2149 714 2198 et
736 2134 851 2202 caetera
872 2140 1008 2220 deinceps
1026 2142 1055 2201 in
1072 2138 1166 2221 Syno-

85 2245 93 2285 t
119 2224 233 2285 nostrin
255 2222 445 2283 Generalibus
466 2223 618 2283 constituta
639 2242 673 2282 ac
693 2234 830 2303 recepta,
852 2244 960 2285 summa
979 2243 1043 2284 cum
1064 2224 1167 2285 alacri·

85 2328 108 2371 n
133 2306 173 2368 ab
196 2306 324 2367 onnibns
346 2305 538 2387 approbantur
558 2316 588 2364 et
608 2306 819 2367 confirmantur.

135 2388 198 2453 ΙΙΙ.
241 2388 400 2469 Disciplina
419 2389 626 2449 Ecclesiastico
655 2400 688 2449 ιιι
715 2390 815 2451 maiori
846 2387 996 2450 sedulitate
1018 2389 1181 2450 internos·

85 2484 247 2545 mtnr,
270 2485 299 2534 et
320 2475 347 2531 in
363 2474 493 2532 omnihus
515 2473 832 2534 iustam'erecutionem
859 2474 995 2534 sortiatur
1020 2472 1089 2535 utile
1117 2470 1168 2532 ad·

85 2558 167 2621 rdnm
191 2567 222 2620 ot
242 2558 431 2617 necessarium
454 2574 520 2616 esso
541 2554 730 2616 decernimus.

137 2639 199 2703 IV.
244 2639 290 2699 Do
312 2639 490 2699 Ceremouiis
519 2640 692 2718 potissimum
721 2640 752 2698 in
779 2636 1023 2699 administratione
1050 2636 1191 2698 Coenae'

85 2727 187 2787 rrnini.
220 2722 415 2802 Exoptandum
441 2734 469 2783 et
492 2724 622 2801 optimum
646 2721 758 2802 quidem
780 2733 870 2793 esset,
886 2732 916 2781 ut
937 2742 990 2802 per
1009 2731 1097 2782 totum
1112 2722 1170 2782 Po·

85 2813 150 2873 tine
175 2808 328 2886 Regnum,
351 2808 379 2866 in
410 2807 537 2865 omnihus
557 2806 742 2885 Evangelicis
770 2804 914 2866 Ecclesiis
940 2804 1041 2866 iisdem
1068 2806 1169 2865 ritihus

85 2912 145 2957 cra
173 2892 300 2973 Synaxis
327 2891 532 2950 celebraretur.
587 2888 627 2947 Et
654 2901 735 2950 certe
766 2909 821 2949 non
849 2900 929 2949 esset
964 2908 999 2948 ea
1030 2908 1077 2949 res
1097 2887 1170 2948 ndco

85 2978 197 3049 heilie,
220 2976 308 3053 quo*)
325 2973 360 3033 ad
391 2976 468 3053 ipsos
489 2974 639 3032 Ministros
667 2984 694 3033 ct
724 2971 921 3053 prudentiores
949 2970 1087 3032 homines.
1132 2972 1169 3031 tt-

85 3084 101 3124 o
126 3062 161 3121 in
186 3078 270 3119 nuans
291 3068 398 3118 certam
421 3060 536 3117 formam
566 3058 802 3116 consentiremus.
847 3054 907 3116 Sed
928 3057 993 3137 qnia
1012 3055 1113 3135 vulgus
1134 3075 1170 3115 ac

85 3147 189 3207 mines
209 3142 395 3221 simpliciores
418 3142 571 3200 mutatione
603 3141 704 3199 rituum
733 3138 962 3213 offenderentur,
984 3150 1015 3199 et
1032 3137 1069 3198 od
1088 3158 1171 3200 cerc-

85 3231 167 3291 mias
191 3244 260 3284 suae
289 3224 483 3284 consuetudini
511 3223 662 3282 dissimiles
689 3225 802 3283 omnino
822 3221 924 3282 adduci
953 3242 1008 3282 non
1035 3232 1168 3302 possent:

85 3336 90 3373 ι
117 3312 151 3372 ai
172 3319 367 3387 cogerentur,
398 3327 433 3368 eo
455 3309 550 3367 forsan
572 3327 619 3367 res
640 3305 807 3380 deveniret,
837 3316 868 3365 ut
887 3305 1048 3385 Disciplina
1067 3303 1170 3365 Eccle-

85 3396 176 3457 rstica
205 3393 233 3451 in
262 3411 313 3452 eos
342 3391 520 3451 extendenda
547 3401 644 3451 essct:
677 3391 742 3468 Qua
763 3387 875 3471 quidem
899 3400 1015 3470 propter
1036 3398 1171 3450 externos

85 3500 127 3541 na
155 3477 285 3536 homines
308 3477 370 3555 pios
393 3476 497 3546 lenire,
522 3494 612 3553 neque
634 3473 749 3534 Domini
770 3485 814 3534 est
835 3474 983 3545 voluntas,
1006 3492 1098 3553 noque
1120 3492 1171 3552 pu·
1260 3479 1264 3488 '

85 3564 146 3625 iria
178 3561 325 3621 Ecclesiae
352 3558 533 3618 Christianae
562 3579 632 3618 mos.
686 3556 813 3619 Proinde
845 3557 1032 3617 Ceremonias
1067 3556 1170 3615 Lihcr·

85 3650 101 3710 i
136 3642 324 3704 Christianae
350 3641 508 3713 donamus,
540 3663 573 3701 ac
601 3642 807 3721 permittimus,
835 3652 864 3700 ut
885 3651 992 3701 stantes
1014 3640 1058 3700 rel
1078 3659 1172 3718 genua

85 3739 213 3794 etentes
234 3728 273 3806 pii
295 3729 507 3788 Sacramentum
534 3728 669 3803 Corporis
689 3735 719 3783 et
739 3726 895 3802 Sanguinis
917 3726 1029 3785 Christi
1047 3734 1168 3781 sumant.

85 3812 212 3875 essionis
232 3829 299 3869 rero
328 3809 364 3867 ad
383 3810 512 3869 Mensam
537 3811 656 3867 Domini
678 3808 742 3885 quia
764 3819 879 3886 praeter
902 3809 971 3867 ritus
992 3808 1021 3866 in
1042 3805 1171 3864 omnihus

85 3918 108 3958 ιι·
134 3897 283 3971 Europam
304 3891 488 3970 Evangelicis
510 3894 647 3951 Ecclesiis
677 3891 761 3968 vulgo
787 3901 938 3949 consuetos
958 3890 997 3948 illi
1020 3892 1096 3949 iuter
1119 3908 1170 3946 nos

85 3980 144 4040 imi
167 3976 303 4037 authores
332 3977 507 4047 extiterunt,
540 3981 586 4055 qui
619 3974 711 4033 omnia
740 3983 846 4032 temore
870 3975 898 4032 in
918 3972 1051 4032 Ecclesia
1072 3971 1171 4029 immu-

85 4075 168 4133 ntea,
190 4070 219 4120 et
239 4061 302 4119 sine
326 4061 446 4120 scientia
469 4061 613 4120 Christum
643 4057 722 4136 quasi
744 4057 897 4131 imitantes,
921 4076 937 4117 a
958 4057 1037 4116 nobis
1060 4053 1095 4115 ad
1114 4053 1172 4113 uhr-

130 4312 160 4377 *)
177 4310 250 4377 Syna
267 4315 319 4365 ntr.
338 4310 411 4377 quood.
