2648 4928
417 288 597 365 Dolionis
620 286 797 379 Operibus.
983 298 986 303 ’
1092 288 1169 371 623

140 469 209 533 Act.
234 473 281 533 42.
294 466 360 529 Nec
381 467 456 529 cuim
481 465 687 530 uliuinornen
715 481 761 530 nst
781 467 835 530 suh
860 470 941 533 coelo
960 466 1057 536 οῙοίοιο
1078 448 1169 555 bomi-

97 575 155 630 ιω,
172 574 226 635 per
246 551 322 634 quot
342 562 474 630 oporteat
492 572 546 613 nos
566 552 660 613 salvos
680 553 755 615 fieri.

139 637 225 702 Rom.
246 647 285 699 3:
309 636 498 696 lustihcamur
521 637 627 714 gratis,
643 639 750 715 ¹grstia
770 638 858 716 ipsius
879 656 932 718 per
947 636 1166 717 redemtionem,

97 739 132 783 to
148 722 225 783 iacta
246 733 292 782 est
312 720 342 778 in
364 717 482 778 Christo
509 718 596 790 lesu,
625 738 708 798 quon
731 721 880 801 proposuit
896 720 980 783 Deus
1001 714 1168 806 propitiato·

97 822 130 879 ι,
153 807 183 865 lu
204 804 344 884 unguine
365 803 428 860 eius
451 819 503 879 per
517 800 618 863 iidem.

120 885 217 968 slipis.
237 898 275 951 2:
295 886 395 945 Gratia
417 884 518 943 salvati
539 885 610 945 ostis
631 903 684 962 per
704 883 801 960 ilem,
821 886 926 948 othon
947 907 1004 949 non
1024 882 1166 955 moun

97 968 212 1035 ierim
232 971 335 1037 donum
358 979 416 1040 est,
439 987 495 1026 non
509 986 547 1028 ex
567 968 714 1047 operibus,
737 988 778 1031 ne.
794 971 859 1049 quis
880 971 1030 1049 glorietur.

128 1052 264 1116 Basilius
283 1056 312 1112 iu
333 1052 469 1111 concione
488 1048 524 1110 uo
545 1049 716 1112 humilitate:
742 1051 800 1127 Qui
820 1052 975 1133 gloriatur,
993 1056 1023 1114 in
1041 1052 1168 1119 Domino

97 1138 207 1211 mur,
228 1136 340 1206 dicens,
365 1133 439 1214 quod
462 1132 596 1194 Christus
616 1133 698 1195 nohis
721 1135 812 1195 laetus
833 1138 873 1197 sit
892 1156 911 1197 a
927 1135 992 1212 Deo
1013 1140 1166 1219 sepientis,

97 1221 166 1283 titia
186 1231 217 1281 ct
238 1219 435 1289 sunefihnetio,
458 1218 531 1276 sicut
552 1218 688 1296 scriptum
707 1228 771 1277 ests
796 1218 854 1294 Qui
875 1219 1032 1299 gloriatur,
1055 1223 1084 1281 in
1104 1222 1169 1285 Do·

97 1314 135 1369 Ιο
154 1304 305 1383 glorietur.
349 1302 431 1362 llaec
460 1311 506 1361 est
534 1302 607 1361 enim
630 1301 758 1378 perlecta
782 1313 814 1361 et
843 1303 957 1382 integra
982 1305 1116 1382 gloriatio
1135 1296 1168 1369 in

97 1404 136 1463 ιο,
160 1387 270 1468 quondo
292 1405 383 1466 neque
404 1395 522 1467 propter
544 1385 677 1443 iustitiam
695 1404 774 1444 suam
797 1385 942 1466 quisquam
963 1386 1092 1465 ellertur,
1115 1389 1169 1453 soal

97 1473 199 1543 auoit,
221 1471 403 1550 sn.inuligero
424 1488 493 1529 vcra
514 1468 639 1541 iustitia,
667 1464 723 1528 iilo
749 1477 845 1530 nutem
870 1472 941 1532 Solo
964 1471 994 1530 in
1020 1469 1169 1535 Christum

97 1554 216 1616 tiburi.
261 1584 266 1597 τ
920 1552 932 1562 ”
1146 1556 1151 1565 “
1195 1598 1200 1607 -

138 1638 271 1699 llilarius
292 1638 322 1696 in
342 1634 447 1695 Matth.
470 1654 534 1714 cap.
559 1643 597 1697 8:
620 1632 722 1695 Movet
743 1634 860 1699 Scribas
887 1637 1036 1697 remissum
1060 1638 1097 1700 ab
1116 1640 1169 1703 ho-
1235 1630 1240 1645 ¹

97 1738 132 1783 te
152 1733 312 1802 peccatum,
334 1719 475 1779 bominem
498 1720 574 1779 euim
588 1728 701 1778 tantum
722 1718 752 1779 iu
772 1719 841 1780 lesu
861 1716 979 1781 Christo
997 1724 1170 1785 contueban-

97 1824 113 1879 ¹,
136 1815 171 1865 et
190 1806 340 1865 remissum
358 1803 393 1864 nb
413 1821 461 1876 co,
483 1801 557 1882 quod
573 1801 638 1863 Lex
656 1801 754 1864 laxare
768 1822 825 1864 uon
844 1815 969 1883 poterat,
989 1803 1080 1868 Fides
1092 1810 1170 1871 caim

97 1889 296 1951 leiustilieat.

136 1970 312 2033 Ambrosius
340 1971 369 2029 in
396 1967 514 2029 Pnulunu
544 1978 562 2033 1
592 1967 746 2031 Corintho
779 1968 847 2031 llon
874 1969 1057 2032 coustitutum
1085 1985 1169 2037 esta

97 2074 135 2129 n,
155 2064 190 2115 nt
209 2056 261 2135 qui·
278 2052 371 2114 credit
392 2053 421 2112 in
443 2050 603 2126 Christum,
629 2054 722 2113 salvus
742 2052 783 2113 sit
802 2053 867 2115 siue
886 2071 986 2136 opere,
1009 2057 1080 2118 Sola
1098 2054 1168 2132 hdo,

97 2138 149 2201 oto
168 2139 311 2218 accipiens
333 2136 529 2196 remissionem
551 2148 743 2216 peecatorum.

136 2218 293 2303 chrysost.
313 2220 388 2280 hom.
407 2227 440 2282 7.
462 2217 499 2279 sd
520 2218 606 2279 Rom.
643 2215 677 2279 Si
696 2217 772 2292 lide,
802 2227 934 2299 tauquam
958 2237 1047 2300 opere
1066 2221 1169 2284 iustili-

97 2324 202 2378 utttr,
221 2315 300 2366 essct
321 2305 418 2383 operis
442 2304 532 2363 nostri
555 2302 671 2374 iustitia,
694 2301 746 2362 scd
767 2303 823 2363 iam
841 2300 924 2362 nobis
942 2302 1105 2382 imputetur
1125 2309 1170 2368 iu·

97 2390 131 2453 ia
150 2386 224 2451 llei-
266 2385 356 2450 Fides
381 2397 494 2459 autom,
522 2406 595 2467 quae
622 2382 810 2466 apprehendit
837 2384 972 2459 iustitiam
992 2383 1069 2461 Dei,
1097 2392 1170 2453 Sole

97 2468 209 2545 ethna
223 2471 288 2551 quia
307 2469 481 2532 solummodo
502 2490 540 2529 cx
560 2468 615 2530 lile
637 2466 719 2529 nobis
739 2469 893 2548 imputatur
910 2469 1028 2530 iustitia.

136 2554 266 2634 August.
288 2555 360 2636 psal.
384 2563 446 2617 88:
467 2552 494 2612 E
516 2552 571 2613 lide
593 2553 669 2612 enim
689 2553 828 2627 vivimus,
853 2562 884 2613 ct
910 2548 948 2613 tle
974 2549 1032 2615 fitlo
1061 2552 1169 2618 dictum

106 2662 116 2701 c
151 2638 228 2700 utto
259 2638 394 2699 mundans
423 2635 510 2698 cordo
538 2657 647 2698 eorum.
698 2633 738 2694 Et
766 2637 833 2716 quia
861 2638 933 2709 Solo
959 2634 1031 2696 lidos
1058 2635 1168 2715 Christi

97 2720 187 2799 undat,
211 2743 264 2783 uun
287 2721 438 2784 credentes
460 2722 489 2779 iu
512 2719 659 2782 Christum
683 2718 769 2779 soluti
788 2727 855 2780 sunt
875 2718 912 2781 ab
934 2717 1145 2792 emundatione.

581 2902 638 2966 lv.

391 3022 447 3083 DE
470 3020 592 3084 BONlS
613 3018 828 3082 OPERlBUS.

141 3138 223 3203 Bone
243 3158 342 3221 opcrn,
365 3150 421 3200 ίοοί
442 3141 590 3212 interiora,
614 3158 695 3218 quum
718 3138 875 3210 extoriora,
885 3135 1073 3211 nominamus,
1094 3158 1168 3219 queo

97 3235 220 3303 ομοοοί
240 3245 302 3284 cum
324 3224 486 3304 praeceptis
508 3222 658 3301 Deculogi.
701 3221 772 3283 Vult
786 3221 868 3282 -enim
882 3217 964 3281 Deus
985 3232 1014 3280 et
1034 3219 1117 3282 iidem
1138 3236 1170 3284 et

97 3324 160 3382 cra,
182 3309 244 3385 regi
260 3329 312 3366 suo
326 3308 424 3368 serbo.
471 3304 539 3368 luloo
562 3302 684 3367 toncele
706 3316 752 3366 est
771 3324 871 3364 norma
891 3301 927 3364 ue
939 3303 1022 3364 bonis
1034 3305 1169 3387 operibus

97 3390 245 3451 erioribus
253 3402 282 3450 et
297 3390 499 3462 exterioribus,
509 3409 582 3469 quae
595 3392 756 3450 continetur
768 3385 952 3468 inDecnlogo
963 3399 1043 3449 recte
1057 3389 1170 3450 intelle·

97 3490 120 3545 t,
134 3474 211 3534 iuxtn
224 3475 361 3553 regulam.
396 3472 477 3547 Quae
491 3475 630 3553 praecipit
642 3477 730 3547 Deus,
745 3473 817 3534 baec
830 3483 929 3533 ennete
941 3471 1049 3550 cogite.
1075 3471 1168 3533 ltems

116 3558 278 3639 praeceptis
299 3558 371 3617 mois
390 3556 544 3628 ambulate,
567 3568 597 3617 et
617 3557 704 3619 incito
726 3576 773 3618 oa.
817 3555 900 3619 llaec
923 3573 1012 3636 opera
1031 3556 1170 3617 interiora

110 3641 266 3719 μίοοὶοοο,
288 3642 358 3700 liunt
379 3641 470 3700 nultus
492 3638 561 3713 Dei,
583 3659 647 3700 cum
666 3643 737 3701 liunt
755 3642 787 3701 in
808 3638 876 3714 lide,
898 3650 929 3701 et
948 3639 1113 3699 rcicruntur
1131 3637 1171 3700 al

97 3738 136 3785 Ιι
153 3722 250 3796 linem,
273 3723 395 3784 utllcus
417 3725 470 3785 hoc
491 3721 653 3783 obedientie
668 3721 840 3785 celebretur.
882 3720 984 3785 Placet
1001 3723 1078 3783 nnius
1098 3724 1172 3783 baec

97 3816 173 3867 tuate
194 3805 371 3878 obedientia,
394 3828 450 3867 non
472 3817 590 3888 propter
611 3807 656 3866 sui
678 3806 893 3885 perlectionem,
916 3825 966 3866 seu
988 3802 1170 3884 (lignitatem,

97 3903 125 3950 Ι
144 3891 184 3951 nit
203 3889 296 3951 nulhuo
318 3891 411 3950 multis
432 3891 575 3969 inquinata
595 3887 740 3961 sordibus,
764 3886 815 3947 sed
836 3897 952 3969 propter
966 3885 1169 3959 hlclintorem,

111 3992 166 4053 quo
185 3993 281 4033 munus
300 3972 366 4033 Deo
391 3974 586 4050 reconciliati,
614 3974 690 4031 siout
714 3972 850 4050 seriptum
877 3982 940 4031 est:
973 3968 1084 4030 Ollerte
1104 3967 1172 4028 Deo

97 4058 168 4115 stiae
189 4058 366 4135 spirituales,
389 4057 535 4135 placentes
555 4053 620 4114 Deo
640 4064 757 4133 propter
777 4054 870 4114 lesum
891 4051 1048 4115 Christum.
1161 4108 1165 4116 .

143 4138 209 4198 Etsi
230 4152 325 4201 nutum
347 4161 402 4199 non
430 4150 475 4199 cst
503 4137 711 4199 extenuandum
737 4148 902 4217 peecatum,
933 4133 1006 4215 quod
1033 4134 1170 4212 reliquunt

97 4228 108 4275 t
127 4223 154 4282 in
176 4222 292 4284 Sanctis
315 4225 343 4283 iu
364 4223 417 4282 hnc
438 4225 509 4294 situ,
532 4220 620 4303 quud,
646 4240 701 4301 quo
723 4222 813 4300 mugio
834 4221 984 4302 proliciunt
1003 4220 1057 4296 pii,
1080 4221 1172 4296 megin

97 4316 219 4366 nonunt
240 4317 272 4368 ct
293 4305 456 4387 deplorent:
480 4317 572 4365 tamen
594 4305 660 4387 ipsa
680 4323 736 4367 vox
757 4303 853 4373 (litiae
880 4302 1020 4363 discernit
1038 4312 1169 4383 petente.
