2648 4928
381 262 454 375 'ue
477 302 575 373 nonu
599 304 768 395 operum
889 334 897 358 ι
1055 302 1133 383 ens

99 490 178 560 cepte
199 491 265 541 sunt
285 479 385 553 ruiis,
413 477 501 543 diuite
522 483 599 543 servi
626 482 743 543 inutiles
762 502 871 550 snmus.
915 484 1040 549 Rursum
1058 486 1136 549 Pen-
1261 524 1272 537 ·

99 563 156 625 Ex
174 565 307 644 operibus
327 563 418 643 Legis
436 585 493 625 nun
514 566 713 627 iustificabitur
731 570 823 627 omnis
843 587 912 629 ueru
934 572 964 630 in
981 583 1137 651 conspeetu

142 649 214 708 Item
235 646 349 707 David:
384 645 450 709 Non
483 650 573 710 intres
597 648 721 710 Domine
746 652 776 710 in
803 649 937 716 iudicium
965 672 1137 718 conservo

129 733 177 793 uie
198 752 253 791 non
278 731 479 792 iustificabitur
497 734 526 793 iu
548 744 703 812 conspectu
725 744 773 793 tuo
793 736 887 795 omnis
907 738 1018 799 vivens.

102 753 169 877 det
201 813 331 876 iecieudu
365 813 431 875 ideo
459 815 533 876 buon
563 802 668 896 uperu'
683 815 806 890 ducent,
841 828 873 877 nt
900 838 954 898 per
990 821 1053 900 ipse
1086 839 1138 901 up·

99 911 164 960 stur
185 896 273 959 fides:
299 899 373 960 Sunt
393 899 468 960 enim
490 899 564 960 bunc
586 918 674 979 opere
694 910 774 961 certe
795 903 968 975 testimonie,
990 905 1138 983 signuuuiu

99 982 199 1054 dices,
224 982 337 1042 intentis
360 983 435 1042 intus
456 983 538 1044 virne
559 981 638 1054 fidei,
656 993 687 1044 et
707 984 816 1045 tructus
836 983 975 1058 eiusdem,
997 1007 1051 1067 per
1065 1006 1137 1068 quus

99 1066 204 1126 secitur
222 1066 310 1126 arbor
328 1065 402 1126 bonu
421 1076 471 1126 snt
488 1067 579 1140 mein,
601 1065 742 1128 Mettensi
769 1069 900 1149 septimo.
941 1070 1014 1130 ltem
1033 1078 1066 1131 ut
1085 1090 1140 1151 por

99 1168 187 1209 *mem
203 1159 367 1229 certumque
387 1149 512 1210 efficient
533 1170 612 1211 suam
632 1151 828 1224 vocationem,
854 1162 939 1231 etque
967 1154 997 1213 in
1018 1172 1054 1215 cs
1073 1154 1139 1215 sine

99 1243 146 1293 stu
166 1244 328 1293 serventur.
371 1232 412 1294 Ut
435 1230 541 1294 Petrus
571 1233 656 1294 hebet
676 1232 826 1314 Epistulae
854 1236 1023 1316 posterioris
1043 1237 1140 1318 cupite

99 1315 218 1387 'retres⁹
240 1335 354 1395 oportun
375 1315 452 1388 date,
475 1327 506 1375 ut
524 1318 700 1377 vocationem
718 1328 842 1379 restrum
862 1329 948 1399 etque
967 1320 1145 1403 eiectionem¹

110 1420 136 1459 m
157 1400 279 1460 sumetis.
323 1398 364 1458 Et
387 1419 519 1459 numum:
549 1401 643 1461 Omne
663 1399 789 1463 adhibite
810 1401 931 1463 studium
955 1404 985 1461 in
1012 1401 1084 1475 huc,
1108 1413 1142 1463 ut

99 1484 176 1555 :istis
197 1502 217 1543 u
238 1484 420 1562 corruptione
445 1502 517 1563 quau
545 1495 591 1545 est
612 1485 642 1544 in
663 1482 767 1543 mundo
793 1504 847 1564 per
867 1486 1137 1565 concupiscentiam,
1226 1547 1230 1553 ,

99 1566 292 1627 ιιιιιιίιίιιιιιο
314 1569 342 1626 in
366 1565 421 1627 iiie
443 1579 539 1627 vestre
559 1569 705 1638 virtutem,
720 1567 752 1627 in
767 1568 871 1629 virtute
886 1587 955 1629 veru
975 1569 1138 1643 scientium,

112 1649 264 1729 Sequitur:
287 1649 370 1710 Haec
385 1651 459 1710 enim
475 1669 538 1710 cum
549 1652 630 1711 rubis
642 1649 738 1711 sisint
748 1661 779 1713 et
790 1660 960 1731 exuperent‚
979 1650 1054 1713 hund
1066 1655 1141 1712 utiu-

123 1750 179 1793 uec
205 1734 235 1794 in
265 1734 376 1793 irritum
406 1732 569 1795 laborantes
589 1734 714 1795 efficient
739 1754 811 1819 eosq
837 1733 876 1797 sd
902 1733 1020 1796 Domini
1047 1737 1139 1797 nostri

115 1814 225 1877 Christi
246 1819 448 1896 cognitionem.

110 1899 194 1961 Reno
214 1902 299 1960 etium
322 1901 359 1961 ob
386 1920 499 1963 oensem
526 1901 600 1963 bons
621 1920 709 1982 uporc
730 1900 795 1963 tieri
816 1898 938 1974 ducent,
968 1910 1001 1962 nt
1027 1900 1142 1963 abunde

99 1984 258 2045 ninutretur
278 1987 410 2043 introitus
431 1987 462 2047 in
482 1997 628 2045 ueternum
650 2006 783 2063 regnum,
804 1995 889 2066 etque
909 1982 975 2045 inde
997 1986 1147 2064 copiosior·
1177 2015 1180 2019 ¹

99 2084 142 2127 :es
159 2085 177 2126 e
197 2066 262 2126 Duo
284 2068 437 2127 referetur.
480 2067 586 2129 2Pet.
607 2079 636 2130 l·
673 2070 756 2129 lineo
777 2070 852 2130 enirn
873 2069 899 2128 si
919 2068 1062 2141 feceritis,
1083 2087 1142 2137 nun
1185 2058 1193 2083 ⁸

99 2151 162 2209 mini
181 2170 314 2229 unquam,
336 2146 482 2227 Siquidem
506 2148 543 2209 ad
563 2151 639 2211 hunc
658 2149 782 2223 mudum,
805 2161 862 2213 ete.

111 2232 289 2295 Praesertim
314 2243 429 2306 entem,
457 2252 510 2312 per
537 2232 749 2294 misericordiae
779 2242 919 2313 opertet
938 2233 1085 2295 charitatis
1109 2237 1141 2295 in

99 2318 199 2389 inum,
222 2318 431 2396 eleemosynas,
454 2318 628 2377 intirmorum
649 2336 757 2386 curum,
779 2317 899 2378 eliorum
920 2317 1139 2389 institutionem,
1204 2312 1211 2330 ⁸
1301 2338 1322 2371 .·

99 2420 136 2461 nc
155 2420 248 2480 genus
268 2401 345 2473 niin,
372 2417 444 2479 quoe
472 2401 688 2479 promissionem
717 2398 827 2479 gratiae
850 2410 880 2461 ut
899 2400 1001 2480 premii
1022 2400 1139 2474 iubent,

99 2487 145 2547 eri
162 2484 275 2545 ducent.
319 2483 416 2544 Lucae
431 2495 531 2543 sextu:
554 2481 656 2543 Estote
678 2480 891 2554 misericordes,
914 2483 990 2545 sieut
1008 2493 1040 2544 et
1059 2492 1142 2563 puter

99 2588 127 2628 cr
142 2569 311 2631 ,misericors
329 2579 384 2627 est.
431 2567 518 2638 Date,
541 2577 570 2627 et
590 2565 703 2626 debitur
722 2565 815 2627 vobis.
857 2564 1020 2640 Remittite,
1043 2577 1074 2626 st
1095 2586 1144 2628 re·

99 2661 157 2711 etur
176 2653 268 2710 uubis.
312 2649 410 2711 Alibi:
435 2650 573 2724 vendite,
594 2670 666 2728 quau
688 2647 856 2730 possidetis,
878 2660 909 2710 et
928 2648 993 2710 dete
1016 2649 1143 2711 eleemo-

99 2755 141 2795 ιιι.
184 2733 291 2794 Purutu
311 2736 392 2795 vobis
420 2735 568 2807 sacculos,
600 2735 647 2813 qui
674 2754 729 2793 nun
752 2743 952 2806 veterascunt,
980 2733 1143 2795 thuscorum

111 2818 287 2879 deficientem
315 2821 344 2878 in
366 2820 468 2879 coelis.
511 2818 636 2878 lterum:
666 2816 740 2877 Cum
765 2817 838 2877 ineis
864 2817 1045 2892 convivium,
1070 2837 1162 2887 vucn,

99 2921 171 2963 eres
191 2912 220 2961 et
240 2901 350 2962 debiles
372 2914 428 2963 etc.
460 2911 490 2960 et
508 2901 607 2961 beatus
629 2901 710 2972 eris,
737 2901 803 2981 quie
824 2921 880 2960 nun
902 2911 1020 2979 possunt
1039 2918 1144 2980 repen·

128 2986 197 3058 tibi,
223 2984 400 3064 rependetur
422 2985 496 3045 enim
530 2985 583 3044 tibi
611 2986 641 3044 in
665 2985 878 3045 resurrectione
903 2985 1053 3045 iustorum.
1102 2981 1143 3042 Et

99 3069 174 3131 ,linei
211 3069 349 3147 vigesimo
377 3071 495 3148 quinto:
532 3067 641 3130 Venite
676 3067 819 3129 Benedicti
854 3067 942 3148 petris
970 3067 1045 3140 mei,
1076 3085 1144 3147 pus·

99 3151 488 3296 zttttttttt¹⁰ttt
489 3153 581 3295 Ἥ
602 3148 721 3295 ‘tiit‘
734 3171 806 3294 tit
810 3149 1145 3313 ‘dioi5”‘{1⁹⁵oi⁹r¹iisrii

99 3317 139 3380 de
159 3320 203 3379 bis
223 3279 370 3378 fratribus'
388 3319 458 3378 meis
480 3276 620 3390 minimis,
649 3317 717 3377 mihi
737 3318 858 3379 fecistis.
901 3274 1000 3399 dipere
1020 3335 1093 3398 ergo
1113 3318 1145 3378 in

111 3403 203 3476 iectu,
230 3402 344 3482 placent
363 3400 445 3476 Deo,
476 3412 506 3462 et
527 3421 606 3463 sunm
627 3399 787 3464 mercedem
813 3400 919 3471 hebent
946 3402 977 3463 in
997 3399 1052 3463 hee
1072 3401 1144 3476 ritu,

99 3487 239 3549 uiuture.

117 3568 232 3631 Ducunt
250 3570 348 3642 etiam,
368 3570 502 3632 universe
521 3570 596 3630 bone
616 3589 703 3649 opera
722 3569 753 3628 in
774 3567 889 3628 numine
909 3576 1016 3629 tentum
1036 3568 1148 3631 Christi

99 3655 209 3726 moris,
231 3652 266 3713 nd
288 3655 407 3732 glorium
427 3653 486 3714 Dei
510 3672 577 3715 esse
598 3650 743 3725 iacienda,
771 3660 802 3710 nt
828 3649 935 3712 Penius
961 3651 1062 3713 scribit
1089 3652 1146 3731 pri·

122 3737 334 3798 Corinthiorum
362 3736 473 3797 decimo
503 3747 533 3798 et
554 3736 742 3797 Cuiussenses
762 3737 866 3796 tertio:
888 3733 1030 3816 Quicquid
1050 3735 1147 3813 egeri-

99 3838 233 3881 uermune
261 3822 429 3896 nutiucto,
459 3821 555 3881 omnia
582 3821 610 3879 in
639 3820 752 3877 numine
778 3818 844 3877 lesu
872 3818 970 3878 incito.
1013 3815 1054 3877 Ει
1084 3817 1146 3894 ipse

99 3906 188 3976 sinus,
211 3905 282 3964 Sino
303 3923 348 3962 me
370 3904 485 3982 (inquit)
506 3902 575 3961 nihii
589 3905 707 3981 potestis
728 3901 838 3975 iacere,
859 3901 973 3961 scilicet
992 3897 1066 3980 quud
1079 3897 1146 3959 Deo

99 4005 159 4058 um,
181 3987 318 4065 vobisque
338 3984 374 4045 ud
397 3988 513 4045 satutem
535 3988 709 4065 profuturum
732 3985 780 4046 sit.

120 4070 274 4131 Caeterum
295 4068 409 4140 docent,
433 4080 464 4129 ut
481 4070 602 4130 sciamus
623 4067 775 4127 discrimen
796 4067 873 4126 inter
895 4083 981 4144 opere
999 4062 1036 4124 ct
1057 4062 1147 4125 horni-

99 4173 120 4214 ιι
142 4157 287 4224 institute,
317 4162 346 4212 et
372 4148 458 4234 opera
487 4172 559 4232 quse
578 4172 595 4211 e
616 4150 678 4214 Duo
699 4160 851 4230 praecepte
872 4160 954 4220 sunt,
976 4157 1081 4227 etque
1102 4167 1148 4208 ru·

99 4249 255 4318 eutraque
282 4234 413 4297 iacienda
439 4255 474 4297 ue
504 4234 643 4297 serrendo
667 4235 740 4306 sint,
769 4229 916 4313 Siquidem
937 4248 1027 4309 opere
1044 4250 1064 4291 u
1081 4229 1150 4292 lieu

99 4333 203 4405 sceptu,
224 4321 385 4401 neutiquam
404 4329 478 4385 mut
504 4314 772 4400 prsetermitteuds,
798 4323 917 4399 propter
933 4312 1070 4377 tumme·
1090 4324 1149 4379 tre·
