2648 4928
422 305 485 379 ,Dc
507 305 726 396 Adiophoris.
1061 291 1140 383 637

99 491 135 551 oli
164 499 195 550 et
222 487 391 558 inferorum,
414 485 468 544 hoc
488 494 550 557 est,
579 483 714 546 liberatos
742 504 861 560 omnes,
891 488 939 568 qui
967 486 1087 549 credam
1107 490 1137 551 in

99 586 186 644 stum,
208 564 237 632 'o
265 572 393 650 potentia
412 568 548 641 Diaboli,
566 579 609 642 ⁸ct
628 569 747 648 inieris,
770 573 848 631 iuxta
868 570 935 633 illud
954 571 1051 634 Oscae
1080 584 1136 638 ts:

110 658 201 738 pestis
232 665 280 714 tua
302 654 425 713 inferne.
478 651 519 711 Et
548 651 620 713 hanc
650 653 796 713 victoriam
825 665 904 715 certo
933 654 1017 717 modo
1044 657 1137 719 Filius
1221 672 1225 679 ·

99 741 230 807 Diabolis
251 735 390 798 ostendit.
434 737 499 797 Nec
520 734 634 796 dubium
654 748 710 808 est,
732 735 872 798 Diabolus
892 741 1032 813 sensisse,
1056 760 1137 803 suam

99 827 172 885 itiam
194 823 231 883 ab
252 822 307 882 hoc
328 823 438 881 uictore
460 821 571 898 frangi:
595 829 708 880 etvere
727 831 813 899 caput
828 823 970 901 serpentis
992 826 1137 887 nsemino

99 910 148 969 tris
169 907 320 968 contritum
342 924 419 965 esse.
462 903 520 963 Est
540 903 628 980 igitur
641 903 850 983 simplicissima
869 907 1029 967 sententia:
1052 906 1138 983 Quod

99 1001 154 1053 stus
176 988 335 1050 ostenderit
356 1009 435 1049 suam
457 988 603 1048 victoriam
624 986 768 1062 Diabolis,
789 998 821 1049 et
838 998 893 1050 ‘cos
912 991 1060 1066 terruerit,
1083 992 1138 1054 sed

99 1073 162 1137 todo
182 1073 235 1134 hoc
258 1074 364 1134 lactum
385 1073 434 1146 sit,
457 1092 514 1132 uon
538 1079 707 1131 scrutamur.

559 1253 601 1315 X.
1059 1299 1062 1302 .

100 1368 370 1445 sumptuosus,
394 1369 473 1432 SEU
494 1368 747 1432 cunumotttts
768 1368 957 1434 ΗῙῙΜΑΝΑΛ
970 1371 1137 1441 AU'l'Olll·

178 1522 181 1529 ,
250 1455 359 1519 tatu
381 1454 424 1515 IN
445 1454 649 1517 uectusla
669 1454 908 1519 INSTlTll'llS.

105 1575 178 1636 Cum
199 1572 353 1653 adiaphora
375 1573 433 1632 siut
448 1574 640 1646 ceremoniae,
664 1592 716 1633 seu
733 1574 807 1635 ritus
824 1574 949 1646 externi,
973 1577 1051 1637 nullo
1071 1597 1137 1638 ver·

99 1661 139 1720 lei
156 1658 202 1718 vel
217 1657 361 1730 mandati,
388 1658 435 1716 vel
453 1657 608 1737 prohibiti,
631 1655 683 1716 sod
698 1667 730 1716 ut
751 1658 846 1722 omnio
864 1659 893 1717 in
912 1657 1048 1722 Ecclesia
1068 1662 1138 1724 liunt

98 1755 124 1804 te
145 1753 176 1802 et
196 1740 343 1811 decenter,
366 1739 402 1800 ab
424 1740 583 1801 homiuibus
605 1741 744 1801 instituti:
767 1742 916 1802 statuimus
935 1762 1016 1804 usum
1037 1744 1139 1807 lorum

99 1827 231 1889 brentam
252 1843 287 1884 nc
311 1824 431 1884 liberum
451 1843 534 1885 csse:
560 1825 753 1886 salvatamen
773 1823 830 1885 lide
851 1838 881 1886 ot
900 1826 1036 1901 caritate,
1064 1848 1138 1910 quac

99 1931 104 1968 t
135 1910 274 1969 libertatis
304 1908 387 1967 huius
423 1907 629 1969 moderatrices
658 1918 734 1969 sunt.
786 1907 863 1972 Nam
884 1918 917 1970 ut
946 1908 1019 1972 fides
1046 1914 1137 1986 novit,

114 1993 219 2055 liceat:
241 1993 281 2052 ita
302 1993 408 2053 caritas
430 2002 550 2070 spectat,
574 1991 641 2072 quid
661 1992 764 2071 prosit.

107 2077 139 2137 ln
158 2077 257 2158 primis
281 2076 371 2154 igitur
397 2073 544 2135 doctrines
571 2077 715 2155 puritatis,
736 2085 767 2135 et
795 2075 916 2154 legitimi
938 2075 1139 2140 Sacramentu-

108 2178 174 2221 usus
194 2159 325 2219 habenda
349 2160 423 2219 ratio
452 2169 515 2230 est,
548 2159 577 2217 iu
603 2160 705 2239 quibus
732 2158 810 2219 nulla
835 2169 968 2221 creatura
989 2162 1138 2240 quicquam

99 2243 150 2315 odi
175 2253 345 2323 potestatem
374 2262 495 2322 uuquam
523 2241 642 2317 habuit,
675 2239 815 2314 haletre,
847 2253 897 2302 aut
922 2242 1052 2304 habitura
1079 2253 1135 2304 est.

103 2338 196 2389 numm
216 2329 304 2387 salvis
327 2336 358 2386 et
383 2327 524 2404 integris,
554 2345 729 2405 nequaquam
756 2324 910 2385 Ecclesiae
937 2327 1138 2405 congregatio·

109 2411 154 2472 rol
169 2408 348 2482 turbandam,
373 2411 418 2470 vcl
436 2408 623 2469 deserendam
644 2428 710 2470 esse
731 2407 889 2469 iudicamus
916 2419 1034 2488 propter
1055 2427 1138 2471 cere·

99 2494 152 2567 ius,
180 2504 230 2559 ant
255 2495 348 2565 ritus,
374 2512 437 2553 cum
466 2494 553 2553 verbo
574 2492 632 2552 Dei
659 2513 715 2552 uon
744 2503 915 2572 pugnantes.
960 2490 1021 2552 Sed
1049 2503 1080 2553 et
1106 2495 1137 2554 in

99 2598 179 2638 ocum
199 2588 230 2638 et
250 2579 424 2648 lectionum,
447 2586 478 2634 et
497 2577 616 2635 aliorum
642 2577 745 2636 rituum
773 2573 892 2648 ordine,
917 2596 968 2655 pro
995 2575 1136 2650 locorum,

99 2681 222 2733 onamm,
246 2672 277 2720 et
297 2662 428 2720 similium
450 2660 717 2720 circumstantiarum
737 2657 914 2731 diuersitate,
936 2660 1045 2721 utiliter
1071 2677 1139 2723 suu·

99 2743 128 2805 lo
154 2744 323 2806 servandum
348 2764 412 2804 esse
438 2742 593 2813 decorum,
624 2764 688 2804 cum
716 2744 857 2820 gravitate
887 2744 1084 2810 coniunctum:
1108 2755 1139 2804 ut

99 2848 139 2888 ter
156 2831 282 2890 vitentur
310 2828 472 2907 superstitio
495 2847 529 2886 ac
551 2827 731 2897 scandalum,
753 2846 787 2886 ac
808 2827 902 2886 omnis
922 2825 1082 2905 dirigantur
1101 2826 1138 2887 ad
1234 2884 1236 2888 ,

99 2913 248 2974 irationem
269 2922 298 2973 et
318 2932 428 2990 pacem,
447 2914 510 2969 sine
523 2912 656 2990 opinione
677 2913 780 2982 cultus,
797 2921 827 2972 ct
841 2911 1068 2971 ceremoniarum
1085 2930 1136 2970 nc·

99 2997 178 3057 itatis.
222 2997 338 3055 Rittium
361 2998 435 3054 euim
458 2994 657 3054 dissimilitudo
687 3014 743 3055 non
765 2992 875 3054 scindit
895 2992 1047 3056 Ecclesiae
1074 2996 1137 3054 uui·

99 3099 136 3151 n,
164 3099 217 3140 neo
245 3079 412 3139 Christiana
437 3080 582 3137 confessio
604 3080 660 3138 nisi
688 3096 827 3157 expresso
847 3077 937 3138 verbo
958 3079 1010 3137 niti
1029 3087 1135 3158 potest,

100 3173 181 3242 tque:
211 3174 241 3223 ct
266 3174 346 3223 ostra
368 3182 464 3221 casum
487 3161 545 3220 dati
565 3161 691 3222 scandali
713 3162 892 3223 ceremoniae
914 3162 1035 3222 humana
1055 3172 1138 3222 auto·

99 3266 115 3306 o
134 3245 322 3319 introductae,
345 3267 379 3306 ac
399 3266 462 3305 cum
484 3246 572 3304 verbo
593 3245 651 3305 Dei
671 3255 923 3325 nouppuguautes,
945 3245 1137 3324 sinepeccnto

99 3331 170 3410 puri,
193 3333 305 3400 mutam,
328 3332 430 3409 recipi,
454 3329 498 3387 vol
520 3331 611 3389 omitti
632 3329 778 3391 liberrime
799 3339 929 3409 possunt.
956 3327 1070 3389 Coloss.
1095 3340 1135 3392 2:

99 3435 120 3473 ro
146 3433 197 3474 vos
223 3413 328 3474 iudicet
348 3416 377 3473 in
406 3413 470 3472 cibo
491 3423 520 3472 et
538 3425 622 3491 potu,
646 3424 694 3474 aut
722 3413 830 3474 vicibus
852 3411 963 3472 dierum
986 3412 1135 3473 lectorum.

114 3504 149 3561 5:
175 3499 208 3558 lu
230 3497 361 3558 libertato
390 3499 417 3555 io
447 3516 502 3575 qua
527 3500 660 3559 Christus
687 3518 737 3558 vos
759 3497 891 3571 vocavit,
915 3505 1011 3572 state,
1029 3507 1063 3568 et
1080 3517 1137 3557 oon

99 3602 128 3642 un
148 3584 217 3660 iugo
238 3583 382 3641 servitutis
404 3580 603 3640 subiiciamini.

107 3667 285 3744 Augustinus
311 3664 405 3744 Epist.
437 3673 508 3727 118.
547 3664 583 3724 ad
612 3664 792 3724 Ianuarium:
826 3663 930 3722 Totum
961 3661 1017 3722 hoc
1047 3681 1138 3741 genus

99 3770 130 3809 ns
152 3750 238 3809 habet
257 3749 483 3812 observationes.
527 3748 593 3808 Nec
615 3747 764 3828 disciplina
786 3747 841 3825 ulla
859 3757 904 3805 est
925 3746 954 3803 iu
975 3745 1021 3805 his
1037 3747 1139 3805 melior

99 3835 106 3893 i
126 3831 313 3915 prudentique
334 3832 517 3903 Christiano,
548 3853 630 3911 quam
652 3843 682 3889 ut
707 3850 742 3890 eo
766 3826 848 3889 modo
868 3838 951 3908 agot,
974 3847 1029 3906 quo
1050 3846 1138 3906 agero

99 3919 129 3977 rit
156 3916 340 3987 Ecclesiam,
366 3914 401 3976 ad
423 3934 615 3995 quamcunque
647 3915 721 3974 lorte
746 3912 904 3974 devenerit.
955 3908 1039 3984 Quod
1061 3912 1138 3970 cuim

102 4021 119 4061 e
140 4012 241 4061 contra
258 3998 359 4070 iidem,
382 4019 472 4079 neque
493 4010 593 4057 contra
613 3998 702 4057 bonos
724 4016 835 4067 moros,
857 3996 1032 4071 iniungitur,
1051 3992 1138 4052 indil-
1256 4071 1259 4077 Ι

99 4097 155 4145 uter
176 4095 230 4143 cst
243 4084 419 4156 habendum,
442 4094 471 4142 et
490 4102 541 4162 pro
563 4101 681 4155 eorum,
708 4081 783 4141 iuter
810 4098 881 4158 quos
899 4079 1022 4151 vivitur,
1044 4078 1138 4138 socie-

104 4167 275 4231 scruandum
298 4177 355 4230 est.
