2648 4928
244 320 301 392 De
323 318 568 393 memmae
590 322 800 390 mertummn.
996 313 1077 397 845

84 517 112 559 re
143 497 384 573 humiliationem,
410 508 648 580 peccatorumque
675 509 705 561 et
729 496 895 563 delictorum
915 508 1077 566 uestrarum
1141 498 1148 515 ⁸

85 603 137 642 ram
162 603 258 644 ceram
279 584 434 644 Maiestate
455 583 517 643 eius
543 582 764 644 cenfessionem.

85 703 149 762 uque
181 685 315 743 ieiunium
345 681 449 763 duplex
475 692 538 741 est:
573 679 667 741 Unum
695 683 855 762 privatum,
881 683 992 767 quanm
1013 687 1076 767 quis

85 787 136 847 pue
154 786 223 826 vero
247 768 362 846 primam
384 765 420 826 ela
442 782 555 825 causam
576 764 624 825 vel
644 766 764 826 lructum
786 787 870 850 supra
892 768 1012 852 dictum)
1032 772 1078 831 vel

85 851 130 909 vel
153 871 215 910 cum
236 851 339 909 familia
363 870 427 921 sua,
449 848 561 909 ieiunia
586 868 638 909 suu
668 862 779 929 sponte,
804 862 834 910 et
855 852 1078 937 quandocunque

86 954 152 994 ausa
173 945 203 994 et
224 935 382 993 necessitas
403 943 497 1012 urget,
520 934 615 1013 pieet
635 932 692 1012 legi
736 1000 739 1005 .
782 935 880 994 utitur.
984 966 987 973 ·

89 1045 178 1093 terum
201 1042 245 1093 est
264 1033 416 1114 publicum,
437 1030 549 1114 qnando
571 1043 630 1093 tota
652 1034 836 1115 congregatio
864 1034 924 1098 siue
945 1032 1080 1099 Ecclesia

86 1128 177 1197 repter
197 1117 334 1197 publicam
350 1119 563 1190 necessitatem,
586 1116 632 1179 vel
646 1136 775 1196 magnam
791 1118 911 1199 aliquam
932 1121 1080 1181 imminen-

88 1203 240 1260 lnmitatem
268 1213 298 1261 et
322 1202 461 1282 flagellum
487 1199 561 1274 Dei,
593 1221 611 1260 a
638 1202 809 1281 praepositis
844 1205 902 1263 suis
923 1201 1078 1277 admonita,

86 1286 139 1344 iter
159 1304 229 1345 vera
249 1287 422 1366 poenitentia
441 1283 478 1346 ad
499 1284 593 1344 Deum
613 1303 666 1367 per
677 1282 822 1345 Christum
843 1284 996 1349 Dominum
1011 1307 1080 1349 cau·

86 1379 104 1427 rt
120 1370 247 1428 externis
268 1372 353 1429 etiam
373 1388 461 1430 verae
481 1367 673 1449 poenitentiae
691 1368 793 1448 signis,
815 1370 870 1430 laec
886 1380 942 1446 est,
964 1380 996 1432 ut
1013 1392 1080 1455 pre-

88 1453 211 1535 oquitur,
237 1451 404 1513 totocorde
426 1471 490 1525 sue,
514 1452 631 1523 ieiunia,
655 1451 721 1511 lietu
743 1462 773 1513 et
792 1454 905 1534 planctu
927 1474 960 1515 se
982 1474 1081 1517 eoram

86 1536 195 1609 rmiliat,
219 1535 376 1618 delictaque
397 1555 462 1611 sua,
474 1537 584 1618 *queris
599 1534 737 1596 interiere
759 1546 789 1597 et
809 1537 947 1600 exteriori
968 1537 1082 1599 humili-

87 1619 242 1695 tenlltetur3
269 1618 498 1700 quemadmodum
536 1622 684 1680 innumera
712 1616 853 1701 Exempla
881 1622 910 1681 iu
941 1623 1082 1683 scritura

87 1704 218 1784 ,trinsque
236 1704 425 1786 Testamenti,
443 1714 473 1766 et
494 1706 524 1765 in
544 1703 687 1786 primitiva
706 1704 792 1765 etiam
810 1702 957 1780 Ecclesia,
979 1644 1017 1767 il
1030 1716 1083 1768 uia·

88 1797 237 1848 construet.

88 1898 104 1947 rt
125 1898 217 1949 autem
240 1889 389 1961 ieiunium,
411 1908 469 1951 nan
488 1886 579 1950 selum
599 1889 787 1972 temperantia
807 1899 838 1950 et
858 1886 1005 1952 moderata
1023 1888 1083 1953 iru—

92 1973 120 2032 in
143 1992 195 2033 usu
217 1971 353 2034 denorum
374 1972 455 2046 Dei,
479 1974 578 2053 quovis
599 1983 726 2055 tempere
747 1974 801 2055 piis
823 1971 995 2036 Christianis
1015 1994 1084 2035 ceu·

90 2099 101 2129 ‚
125 2068 222 2135 utpute
242 2076 358 2136 quorum
380 2058 436 2116 vita
459 2058 593 2115 continue
615 2059 723 2118 ieiunio
737 2068 875 2138 perpetuo
896 2058 996 2117 similis
1016 2075 1083 2117 esse

91 2137 245 2201 seeundum
274 2136 384 2198 fidelem
413 2137 637 2199 exhortationem
656 2137 787 2212 Domini,
811 2137 1081 2211 disertissumam,

89 2221 117 2283 la
138 2234 233 2283 restra
255 2231 410 2302 graventur
430 2222 545 2301 crepula
565 2233 595 2281 et
614 2220 771 2283 ebrietate:
795 2220 848 2282 seul
868 2223 982 2302 proprie
996 2222 1084 2283 etiam

109 2305 220 2387 quande
243 2317 358 2386 praeter
379 2314 542 2365 cousuetam
572 2304 803 2384 temperantiam,
832 2306 968 2366 maiorem
989 2302 1083 2367 adhuc

89 2402 162 2450 atem
188 2401 218 2452 et
237 2389 434 2453 abstinentiam
459 2389 488 2448 iu
507 2387 636 2447 amnibus
659 2387 746 2449 rehum
766 2388 846 2449 carni
867 2398 982 2449 nostrae
1002 2387 1084 2449 allu-

89 2474 168 2547 .ibus,
190 2475 358 2555 praesertim
378 2492 469 2545 vere,
502 2482 533 2532 et
559 2471 674 2552 proprie
695 2471 725 2531 in
754 2472 818 2533 ciba
839 2482 869 2532 et
887 2483 972 2552 potu,
1000 2472 1083 2535 nelis

89 2557 100 2617 l
121 2557 197 2618 diem
218 2579 303 2618 uuum
322 2557 367 2616 rel
389 2555 464 2616 aliud
485 2554 597 2636 aliquod
620 2566 729 2616 certum
751 2565 872 2636 tempus,
896 2556 973 2615 serie
995 2556 1084 2637 impe·

109 2643 148 2701 ita
170 2652 200 2701 ut
221 2664 255 2702 ea
277 2641 425 2722 inprimis,
455 2659 571 2720 querum
599 2658 685 2699 cansa
713 2640 849 2699 ieiunium
871 2638 1005 2699 indictum
1022 2651 1083 2715 est,

100 2745 221 2805 corpore
241 2727 363 2786 alacrius
386 2735 416 2783 et
437 2722 599 2802 diligentius
622 2741 826 2804 exsequamurr
848 2722 963 2786 Deinde
985 2724 1083 2797 etiam,

90 2810 164 2867 muni
187 2818 292 2867 tantum
313 2819 342 2869 et
364 2806 473 2867 medice
495 2806 559 2868 cibo
586 2826 620 2866 ac
643 2818 711 2886 patu
734 2818 863 2882 utentes,
892 2807 982 2867 nullae
1004 2808 1084 2867 uulu-

90 2895 115 2950 in
139 2890 203 2950 cibe
220 2902 250 2950 et
272 2904 337 2971 potu
362 2902 523 2951 sectemur:
551 2887 591 2950 Et
617 2889 749 2965 taudem,
778 2892 857 2953 utin
880 2891 930 2951 tali
948 2889 1085 2969 simplicis

104 2983 185 3054 potus
208 2994 272 3046 usu,
295 2977 430 3035 maiorem
450 2974 653 3055 frugalitatem,
675 2995 757 3057 quam
781 2977 852 3037 alias
878 2975 942 3037 lieri
963 2992 1085 3036 contue-

90 3077 210 3118 cccmus.

91 3161 221 3238 iligcuter
239 3166 333 3216 tamea
356 3154 574 3230 attendendum,
598 3166 630 3217 ut
648 3178 734 3219 verus
753 3178 824 3219 usus
844 3176 990 3219 sacrorum
1012 3157 1085 3217 ieiu-

106 3245 133 3302 iu
155 3241 289 3301 Ecclesia
309 3239 367 3301 Dei
389 3248 517 3315 maneat,
543 3242 583 3300 ita
611 3252 643 3301 ut
664 3243 783 3323 papulus
808 3240 867 3302 Dei
894 3243 967 3303 sciat
984 3250 1015 3300 et
1036 3260 1086 3301 ce-

91 3349 112 3400 ι,
139 3323 279 3407 quemodo
306 3335 336 3384 et
355 3344 407 3384 cur
427 3325 555 3386 ieiunare
575 3323 696 3399 debeat,
716 3344 771 3387 nec
798 3328 942 3407 opinetur,
962 3323 992 3385 tt
1012 3325 1087 3385 ieiu-

91 3430 162 3482 rsse,
189 3407 302 3489 quaudo
326 3408 427 3488 aliquis
454 3407 594 3469 delectum
615 3410 645 3471 in
667 3409 739 3471 cilis
760 3410 910 3483 cluserret,
940 3427 1032 3489 neque
1053 3410 1085 3469 in

91 3514 153 3556 rere
174 3504 315 3566 versetur,
339 3493 422 3573 quasi
441 3493 532 3555 cultus
553 3492 612 3556 Dei
636 3495 667 3556 in
691 3494 754 3556 sule
780 3495 904 3568 ieiunia,
926 3494 991 3555 eine
1012 3494 1086 3554 inte·

92 3583 186 3653 iente,
208 3579 317 3659 pesitus
337 3578 386 3637 sit.

366 3753 560 3821 A'rtieulus
578 3758 692 3821 XXIV.

92 3895 406 3960 ESURRECTIONE
426 3895 698 4041 liqlltclqlgUiqllUM
725 3895 780 3958 ET
808 3893 1008 3957 EXTREMO
1030 3893 1086 3954 IU-

539 4024 552 4054 ,
577 4000 634 4041 ec.

93 4097 233 4171 redimus,
263 4097 336 4179 quod
367 4097 507 4158 Dominus
530 4106 627 4156 nester
647 4095 729 4157 lesus
751 4095 884 4157 Christus
905 4095 934 4154 in
955 4113 1087 4154 censum·

93 4202 103 4243 e
134 4182 215 4241 huius
243 4181 346 4241 lluurli
386 4183 416 4240 iu
443 4181 533 4259 glorie
559 4181 674 4253 reniet,
713 4200 813 4240 amnes
838 4176 1028 4252 iudicaturus,
1058 4188 1089 4237 ct

105 4267 189 4325 etiem
218 4275 343 4325 mermes
368 4266 599 4325 resuscitaturus.
649 4265 730 4326 Tunc
756 4265 812 4346 qriis
838 4271 869 4323 et
893 4260 1003 4323 Electis
1031 4260 1090 4321 Dei

93 4350 167 4410 ritem
196 4360 339 4410 aeternam
374 4359 403 4409 et
422 4347 561 4425 ,gaudium
601 4356 737 4415 uernetue
769 4344 952 4409 tluramrumc
983 4343 1089 4427 impias
