2648 4928
123 248 127 261 ⁸
205 280 262 354 lle
286 279 396 353 veclo
422 277 491 351 dei·
540 276 597 349 lte
620 278 849 352 momentis
1014 280 1093 361 mi

101 461 192 522 iratos
219 460 262 520 eie
291 477 325 521 se
355 465 457 538 gerat,
497 451 732 537 quemadmodum
758 456 908 541 Scripta·
933 466 1090 547 praecipita

102 545 185 603 volsis
206 563 222 603 ι
246 539 532 622 Pseudoprophetie,
560 540 609 618 qui
639 541 758 601 veniunt
782 541 820 603 ad
851 564 902 605 une
931 548 960 607 in
986 552 1091 613 vestitu

106 628 286 687 intrinsecus
316 637 409 685 autem
442 632 509 682 sunt
538 623 596 702 lupi
627 627 970 703 renuntiantibus
989 650 1089 697 etrum

98 712 151 770 etis
173 730 236 770 eos.
280 707 320 768 Et
343 708 449 768 Paulae
468 705 555 765 Rom.
581 704 693 765 decimo
714 718 816 769 sentos
839 709 972 773 Obsecro
992 724 1088 780 antem

101 804 177 864 tres,
199 806 229 853 ut
250 792 440 853 consideretis
462 808 525 859 eos,
559 789 607 868 qui
637 786 755 850 dissidia
778 801 809 850 ot
827 795 997 858 offendicula
1017 819 1089 862 con.

101 878 385 1023 limum·
398 871 939 1021 ιιιιιεί,ιῑίἰ,ιι’,’,’.”’
960 881 996 1025 t

98 983 112 1021 ,ι
364 1000 376 1032 ,
856 979 969 1025 tumtun
990 985 1042 1038 ,e
1073 1007 1085 1031 .

334 1180 399 1242 DE
429 1179 591 1242 redeo
622 1178 718 1243 out.

392 1317 600 1381 Artt'cttlue
618 1317 660 1377 X.

99 1433 166 1497 inde
186 1430 311 1507 doceat,
342 1431 417 1512 qnod
443 1432 523 1494 verli
549 1428 606 1492 Dei
635 1449 687 1491 sca
711 1426 864 1513 Evangelii
894 1433 1083 1516 praedicatio,
1164 1490 1169 1497 .

98 1520 232 1580 interium
262 1537 278 1577 ι
308 1514 426 1576 Christo
455 1517 612 1576 institutum
642 1526 672 1574 et
719 1527 892 1577 recoctum.
942 1518 1083 1585 Matthaei

106 1604 150 1664 lte
168 1605 195 1662 in
220 1599 350 1660 mondum
373 1601 549 1672 uniuersum,
572 1609 602 1658 ct
621 1534 984 1680 praedicatcldvangeliom
1005 1607 1083 1667 omni

100 1707 128 1746 e.
185 1686 256 1745 ltem
286 1682 391 1744 Petrus
414 1682 517 1744 Actor.
544 1691 602 1746 10:
639 1679 794 1764 Praecepit
818 1682 901 1745 uobis
929 1683 1087 1765 Dominus,

97 1770 260 1829 licarcmus.

110 1854 182 1912 hacc
204 1848 409 1911 administratio
431 1846 510 1909 uerbi
533 1844 607 1927 equod
628 1856 741 1908 nostros
761 1848 925 1931 principalia
948 1849 1082 1931 liabetur,

99 1956 146 2016 que
170 1937 288 1994 manime
312 1936 353 2005 ut,
375 1943 406 1992 ut
427 1951 498 2013 quae
520 1932 583 2011 plus
604 1929 640 1991 nd
662 1922 782 1993 salutem
809 1935 940 1995 conferat
965 1956 1001 1998 ae
1031 1958 1084 2000 ne-

120 2021 177 2090 ait,
206 2039 287 2096 quam
310 2016 496 2076 Sacramenta
521 2015 592 2095 ipsa.
639 2012 680 2074 Ut
701 2013 810 2077 Paulus
829 2016 888 2079 nit:
917 2015 985 2081 Nou
1007 2022 1084 2084 misit

99 2103 167 2162 istuc
195 2113 225 2161 ut
255 2101 446 2179 lsnptisarem,
474 2095 525 2156 aed
550 2108 581 2156 ut
605 2098 850 2177 evangelizarem,
876 2117 979 2182 nempe
999 2123 1082 2184 prac-

99 2185 237 2267 tprimoc
259 2182 319 2242 Per
341 2182 430 2261 ipsum
454 2199 576 2258 namque
598 2178 784 2260 Euangeliou
792 2222 803 2253 ,
834 2182 953 2262 eiusque
971 2186 1083 2264 praedi·
1168 2253 1170 2259 ¹

99 2291 126 2342 t,
154 2268 243 2341 ddec,
272 2268 347 2326 intus
375 2283 437 2324 enm
464 2262 572 2341 Spiritu
599 2259 657 2322 Dei
685 2273 876 2344 suggerente,
905 2269 1081 2346 acquisitura

108 2351 211 2412 deinde
246 2370 281 2410 ac
311 2348 439 2409 veientes
467 2346 529 2406 cios
561 2343 741 2425 Christique,
777 2347 855 2409 circa
881 2346 1081 2429 Sacramenta,

99 2437 175 2509 ilias,
198 2455 269 2516 quae
291 2432 326 2492 ad
348 2432 465 2491 salutem
488 2429 609 2503 iaciunt,
631 2431 770 2495 cernitur.

100 2532 166 2579 cent
190 2521 295 2579 ctiam:
321 2528 419 2577 tenere
441 2513 594 2573 discrimen
615 2511 763 2574 intersim
784 2511 874 2595 Legit
896 2523 925 2574 el
947 2512 1081 2598 Evange-

99 2603 201 2663 lillud
223 2600 334 2681 quidem
363 2600 399 2658 sit
420 2597 625 2657 administratio
655 2597 773 2658 mortis:
802 2597 858 2659 hoe
878 2607 971 2660 numm
992 2599 1083 2664 admi·

99 2718 101 2735 ι
125 2688 200 2747 vitae
221 2697 250 2745 ct
278 2685 385 2762 ginniac
411 2702 463 2761 pcc
488 2679 644 2740 Christum.
688 2678 840 2742 Secundae
868 2678 1082 2747 Corinthiorum

99 2771 195 2831 Litera
216 2769 338 2838 occidit,
363 2767 478 2843 spiritns
499 2775 591 2823 autem
610 2763 742 2824 vivificat.
783 2762 824 2825 Et
844 2763 959 2827 lunula
980 2780 1079 2830 sexto:

103 2874 175 2934 quac
198 2853 297 2931 loquor
318 2849 410 2919 uobis,
433 2848 556 2926 Spiritus
575 2857 605 2906 cl
624 2848 681 2908 vila
697 2855 774 2906 suut.

99 2937 222 2997 necdunt
243 2937 376 3012 insuper,
406 2930 480 3009 qnod
508 2951 602 2989 reram
626 2929 709 2991 fidem
735 2948 819 2991 nonno
840 2932 953 3012 eccequi
975 2944 1080 3014 potest,

99 3022 161 3080 bom
178 3019 234 3078 lici
260 3019 365 3077 audiat.
410 3015 490 3074 lunata
512 3012 580 3072 illud
602 3012 702 3074 Pauli:
730 3010 820 3075 Fides
843 3033 880 3075 ex
900 3015 1009 3090 audito,
1031 3038 1081 3079 au-

99 3126 130 3165 ro
153 3124 203 3184 por
224 3102 339 3160 uerbum
359 3098 428 3159 Dei.
477 3097 515 3156 Et
536 3098 656 3157 iterum:
680 3094 829 3172 Quomodo
848 3108 941 3160 autem
963 3098 1083 3163 eradent

123 3186 159 3247 dc
181 3206 234 3266 quo
257 3207 312 3242 tion
335 3180 508 3242 audierunt?
544 3180 634 3257 igitur
654 3182 745 3241 nostri
765 3200 876 3242 omnem
896 3201 1010 3262 operam
1032 3205 1082 3245 aa·

99 3270 242 3330 tvcrbum
266 3267 438 3344 Evangelii,
470 3264 678 3343 impermistum
709 3263 839 3325 humanis
870 3264 1079 3340 traditionibus,

99 3355 154 3413 asin
176 3351 297 3410 doceant
320 3370 354 3407 nc
379 3345 555 3427 praedicent.
599 3344 727 3407 Proinde
753 3347 814 3428 ipsa
832 3345 1005 3427 Evangelia,
1027 3371 1081 3412 aee

100 3458 119 3495 ts
141 3438 313 3514 scripturas,
343 3433 439 3509 lingua
460 3430 570 3510 vulgari
597 3433 626 3490 in
646 3430 758 3510 templis
780 3431 893 3509 tegunt:
917 3451 952 3493 ac
973 3434 1012 3495 ita
1031 3432 1082 3495 de·

100 3521 167 3599 »pulo
190 3521 423 3596 interpretantur,
445 3524 475 3573 ct
498 3515 584 3575 leuius
611 3535 645 3575 ac
673 3525 762 3575 statos
789 3512 851 3576 dies
881 3513 987 3578 halent
1005 3519 1083 3581 iuxta

119 3623 239 3678 morem,
256 3601 356 3682 quibus
375 3598 410 3659 nd
432 3596 600 3660 audiendum
621 3617 720 3659 omnes
741 3599 918 3661 conueniant.

304 3804 365 3862 BE
393 3798 746 3863 SAcuAutunt'Tls.

384 3937 599 3998 Articulut
619 3937 673 3996 XI.

100 4056 181 4114 lccnt
202 4055 350 4134 imprimis,
375 4056 559 4115 Sacramenta
587 4070 640 4131 per
660 4049 806 4112 Christum
826 4051 965 4119 instituta,
980 4046 1016 4108 nd
1037 4069 1085 4109 na·

102 4141 247 4198 eccssnria
268 4157 351 4208 esse,
375 4156 491 4216 qnorum
510 4135 649 4194 beneflcio
670 4134 787 4209 fideles,
811 4134 974 4194 meritorum
998 4132 1086 4193 Clari·

100 4222 184 4301 icipes
207 4220 365 4282 redduntur
386 4229 591 4297 consortesque
612 4220 691 4278 liunt.
736 4218 769 4278 Si
791 4219 854 4299 quis
876 4225 971 4274 autem
992 4214 1086 4277 studio

100 4307 260 4387 empserit,
296 4311 345 4364 ant
377 4322 434 4364 nou
463 4300 548 4382 digno
575 4302 754 4376 aesdmnnit,
780 4310 832 4362 ant
859 4299 895 4360 iis
920 4316 1088 4379 quecunque

821 4392 862 4461 51
