2648 4928
182 270 233 347 32
496 270 665 366 zwugtu
688 270 767 342 uuas
791 269 890 387 nea
967 272 970 277 ·

183 452 348 513 cessarium.
391 448 536 531 Canomoe
556 452 635 517 enim
650 453 711 513 sivo
726 450 897 530 regulariter
916 445 1058 531 loquendo
1076 444 1169 511 viia!

182 535 259 617 apud
279 553 376 594 omnes
397 534 516 614 populos
532 546 677 595 externam
699 533 936 616 praedicationem
953 530 1189 613 Apostolornnsl

180 618 430 699 Evangelistarum
459 619 519 678 siue
539 618 745 700 Episcoporum
776 618 965 699 praecessisse
992 613 1094 701 biam,
1122 634 1188 699 qun

182 715 275 763 umen
306 702 361 762 suli
379 701 501 782 spiritui
529 703 645 762 ierimus
668 712 825 783 acceptam.
867 699 1008 762 Videmus
1036 701 1189 781 enim'pr

181 785 283 858 dolor,
317 786 386 845 satis
414 785 517 844 multos
538 787 586 865 qui
611 796 757 846 externam
784 784 935 864 Evangelii
964 774 1189 863 praedications.

181 869 300 930 andiunt
321 867 444 947 quidem,
468 866 518 928 secl
541 890 598 929 non
620 867 751 942 credunt,
774 866 849 948 quod
864 869 979 948 spiritus
999 867 1120 947 ponaris
1141 880 1189 934 Ui

180 948 269 1014 venit.
314 952 490 1033 Quocunque
519 953 607 1031 igitur
625 953 869 1033 propbetac'sive
891 950 1104 1030 praedicatores
1126 962 1184 1018 ver.

181 1034 347 1109 mittuntur,
379 1037 489 1114 siguum
516 1047 560 1095 cst
586 1038 695 1115 gratiae
721 1035 797 1107 Dei,
828 1033 903 1114 quod
930 1034 992 1094 vult
1017 1034 1122 1095 electis
1147 1054 1188 1097 ste

69 1124 73 1135 '
181 1121 370 1198 cognitionem
394 1119 438 1178 sni
460 1120 657 1179 manifestare:
681 1119 832 1199 atquibus
855 1129 1005 1196 negantur,
1030 1118 1148 1197 signnm
1163 1114 1189 1191 i..

19 1301 153 1357 emanata

180 1203 352 1264 imminentia
371 1204 443 1262 irae.
488 1202 570 1262 Sicut
590 1222 626 1262 ex
647 1203 792 1283 prophetis
813 1202 949 1280 colligere
971 1202 1040 1261 licet
1064 1212 1102 1262 et·
1117 1198 1189 1279 151,Ι

179 1287 328 1365 exemplo,
360 1287 409 1365 qni
438 1288 550 1346 interim
575 1288 680 1346 vetitus
706 1297 751 1346 est
779 1283 816 1346 ad
837 1284 1055 1366 quosdam'irc,
1087 1285 1186 1359 iniflb

34 1381 43 1408 -’
59 1359 306 1430 until'secuntus
351 1367 410 1429 set
430 1380 460 1429 et
480 1370 559 1449 leges
586 1370 664 1450 ipsae
686 1389 720 1429 ac
740 1372 921 1449 magistratus
942 1367 1020 1427 nulla
1041 1387 1097 1449 opo
1118 1364 1184 1449 μὶ

14 1415 98 1463 uulsa
111 1417 156 1462 cte·

39 1471 129 1520 tenor.

0 2568 5 2592 t
19 2546 166 2596 aunrlslnu·

13 2615 40 2655 1ο
64 2606 164 2664 pondus.

13 2800 52 2846 lie
65 2794 145 2852 itati-

24 2861 103 2904 suun
113 2858 134 2910 Ι)

178 1455 285 1514 sentius
316 1454 407 1512 iuvari
433 1464 551 1533 possunt
578 1452 763 1519 adtuendam
788 1453 932 1535 publicam
953 1453 1095 1511 iusticiam
1117 1452 1189 1535 pff,

176 1537 336 1619 prophetin.
379 1536 499 1596 Frustra
529 1537 604 1596 enim
625 1538 800 1617 praecipitur
824 1534 900 1616 qnod
926 1537 1029 1595 iustum
1050 1546 1116 1609 est,
1147 1536 1188 1607 d,

178 1622 279 1701 quibus
300 1618 449 1680 mandatur
464 1621 530 1679 iusti
553 1621 690 1680 rationem
714 1620 837 1680 babeant
857 1630 887 1679 et
901 1621 1072 1700 aequitatem
1091 1628 1189 1690 ιη’,

176 1703 225 1764 Ad
239 1705 293 1763 boc
315 1713 408 1763 autem
421 1714 523 1783 parant
542 1704 650 1763 animos
666 1704 820 1785 propbetae
837 1714 968 1783 tanquam
985 1702 1120 1777 ministri,
1143 1712 1189 1789 q,

177 1790 249 1848 ritus
270 1798 401 1866 tanquam
422 1799 506 1846 antor
525 1796 582 1846 tum
604 1786 730 1847 doctoris
749 1799 808 1846 tum
829 1785 977 1846 auditoris.
1021 1786 1089 1846 Hoc
1109 1782 1189 1867 gd}

177 1872 388 1943 ministrorum,
417 1872 465 1950 qui
490 1871 602 1930 scilieet
620 1869 739 1943 (locent,
769 1871 911 1942 solantur,
934 1881 1060 1942 terrent,
1084 1870 1189 1943 cum²

176 1954 353 2034 prospiciunt
381 1972 418 2012 ex
447 1950 513 2026 fida,
549 1955 578 2013 in
610 1955 714 2035 populo
743 1952 850 2012 Christi
880 1955 1073 2032 agnoscimus.
1103 1934 1189 2027 siffis

176 2057 299 2117 quoquo,
324 2034 400 2118 quod
418 2036 554 2116 baptizat,
578 2039 607 2098 in
629 2057 718 2097 coena
734 2036 851 2097 Domini
866 2057 969 2117 corpus
987 2047 1018 2097 et
1031 2028 1189 2119 sangnidi

177 2122 231 2195 (sic
252 2121 327 2181 enim
348 2140 400 2179 nos
422 2139 534 2200 quoque
554 2126 756 2201 μετωνυμικῶς
782 2141 893 2181 suenum
914 2139 1013 2201 panem
1035 2138 1146 2183 coenan
1154 2102 1189 2199 ii

175 2205 270 2264 viuum
298 2202 483 2284 adpellamus)
512 2204 691 2277 circumfert,
726 2202 801 2285 quod
822 2216 955 2284 aegrotos
974 2206 1090 2278 visitat,
1122 2198 1186 2287 μ’·

175 2285 320 2347 mendicos
341 2287 418 2347 cibat
436 2288 575 2348 ecclesiae
595 2289 695 2368 opibus
716 2307 750 2347 ao
770 2290 895 2348 nomine.
939 2285 1019 2347 istud
1037 2270 1189 2368 postumi?

175 2369 251 2450 qnod
286 2371 373 2449 legit,
403 2372 624 2451 interpretatur,
655 2372 804 2452 prolitetur
833 2392 889 2451 quo
917 2371 963 2431 sel
991 2371 1046 2451 ipsi
1073 2370 1121 2433 vel
1140 2366 1189 2433 d*

174 2454 332 2514 formentur
352 2465 384 2513 ut
404 2452 555 2533 aliquando
577 2455 707 2515 ecclesiis
728 2457 864 2535 praesint.
907 2455 950 2514 At
977 2457 1122 2515 mitratur!
1140 2450 1189 2523 Ui

174 2557 263 2616 genus
285 2547 370 2616 atque
390 2536 532 2618 palatum,
557 2537 632 2617 quocl
652 2559 784 2599 numerus
806 2550 850 2598 est
871 2550 900 2597 et
915 2540 1011 2617 fruges
1029 2532 1189 2599 consum&

173 2632 281 2694 natum,
304 2616 417 2683 ἒτόσιον
431 2617 523 2700 ὄχθος
538 2617 674 2703 ἀρούρης,
696 2621 836 2682 credimus
856 2617 962 2694 νόθον,
986 2633 1014 2681 et
1037 2619 1066 2680 iul
1081 2616 1189 2683 ommi

172 2724 236 2766 esse
249 2707 277 2764 in
291 2705 431 2765 ccclesiae
444 2725 563 2784 corpore
576 2705 650 2785 quod
663 2718 786 2766 strumae
803 2717 832 2765 et
846 2706 922 2784 gibbi
938 2707 1042 2764 suntin
1059 2701 1189 2765 bumana²

213 2787 382 2850 Undecimo.
427 2788 496 2848 Scio
517 2792 709 2869 magistratum
731 2792 785 2850 rite
807 2792 1004 2868 inauguratum
1024 2789 1118 2848 locum
1136 2783 1186 2851 iit*

172 2884 281 2947 tencre,
305 2893 362 2932 non
382 2874 474 2932 minus
495 2894 577 2952 quam
591 2875 777 2953 prophetiam.
822 2874 863 2934 Ut
877 2874 951 2933 enim
969 2871 1109 2952 propbeta
1128 2886 1182 2935 est

172 2956 251 3016 lestis
280 2958 435 3035 sapientiae
464 2977 498 3015 ae
527 2957 661 3016 bonitatis
690 2959 819 3016 minister
849 2968 911 3028 cst,
943 2967 975 3014 ut
1003 2957 1051 3034 qui
1079 2974 1119 3016 ex
1138 2952 1189 3017 Ψ

172 3037 275 3098 doceat
294 3050 324 3098 et
344 3058 457 3098 errores
487 3040 515 3097 in
543 3041 633 3098 lucem
655 3040 817 3118 protrahat:
848 3043 889 3100 sic
911 3040 1092 3118 magistratus
1113 3038 1189 3101 baffi

172 3122 238 3181 tatis
267 3140 300 3179 ac
329 3122 458 3179 iusticias
488 3122 616 3180 minister
644 3132 697 3181 est.
741 3121 900 3197 Bonitatis‚
931 3135 962 3182 ut
988 3142 1052 3182 cum
1080 3120 1138 3183 tta
1162 3130 1189 3185 ii

172 3202 309 3263 modestia
336 3204 425 3262 instar
452 3201 510 3262 Dei
539 3224 652 3263 suorum
680 3207 800 3283 negocia
832 3218 889 3266 tum
911 3206 1009 3266 autliat
1038 3216 1095 3265 tunt
1125 3224 1180 3267 m

171 3288 261 3361 sulat3
285 3288 426 3357 iusticiam
449 3297 481 3344 ut
502 3287 659 3366 iniquorum
677 3288 822 3349 audaciam
845 3292 958 3369 frangat
977 3301 1007 3350 et
1028 3292 1189 3368 innocostsz

173 3382 294 3430 tueatur.
340 3370 402 3429 llas
431 3367 511 3428 dotes
538 3373 562 3429 si
589 3372 720 3452 princeps
741 3374 861 3446 babeat,
893 3374 979 3434 credo
1001 3372 1182 3434 couscient‘u

170 3455 246 3514 illius
274 3455 343 3514 nibil
373 3474 436 3513 esse
464 3454 652 3515 metuendum.
696 3456 748 3517 Eis
778 3460 802 3517 si
831 3469 945 3527 eareat,
977 3469 1102 3517 attamen
1129 3456 1183 3519 ssu

170 3536 348 3597 metuendum
370 3549 549 3618 praestetur
571 3541 742 3612 terrificum,
772 3539 858 3601 credo
881 3542 957 3601 nulla
986 3542 1098 3600 ratione
1123 3556 1189 3601 eu·

169 3623 316 3681 seientiam
337 3623 398 3683 eius
428 3622 491 3682 ideo
513 3623 639 3694 absolui,
670 3624 744 3702 qtrod
773 3628 827 3685 rite
854 3628 1037 3704 inauguratus
1059 3625 1107 3684 sit.
1150 3620 1181 3685 A

170 3707 250 3765 simul
274 3705 360 3766 cretlo
382 3705 572 3767 Clrristiauum
602 3708 741 3767 bominem
764 3709 922 3769 huiusmodi
949 3721 1070 3788 tyranno
1092 3724 1188 3788 pem·

170 3787 290 3861 debere,
321 3810 409 3869 usquc
439 3789 475 3849 ad
496 3811 558 3851 eam
585 3793 762 3852 occasionem
783 3791 818 3852 de
846 3814 901 3872 qua
930 3793 1054 3871 loquitur
1072 3789 1189 3863 Pactus-³

171 3872 203 3931 si
225 3884 305 3953 potes
326 3874 398 3933 liber
419 3875 498 3946 lieri,
528 3876 617 3953 magis
639 3887 736 3935 utere:
765 3897 846 3956 qnam
869 3889 962 3936 tamcn
984 3874 1072 3935 creda
1092 3895 1111 3935 ι
1130 3872 1185 3935 salt

171 3955 235 4017 Deo
261 3955 372 4016 ostendi
399 3978 455 4017 uon
483 3958 518 4016 ab
539 3959 669 4031 bomine,
702 3959 729 4018 icl
757 3972 849 4021 autem
878 3962 947 4020 nibil
976 3958 1114 4030 obscure,
1142 3974 1183 4019 stt

172 4052 227 4099 tam
248 4046 389 4121 aperte⁸)‚
419 4062 501 4122 quam
523 4041 592 4101 Saul
615 4054 659 4102 est
679 4042 818 4119 abiectus,
841 4056 871 4104 et
893 4062 1088 4104 successorem
1110 4058 1189 4103 acce·

204 4289 229 4356 r)
247 4290 296 4343 lid.
313 4307 352 4361 pr.
369 4310 421 4348 om.
439 4294 477 4346 De
495 4293 569 4360 May.
609 4295 635 4364 s)
654 4295 703 4348 ltu.
722 4311 761 4363 pr.
778 4295 890 4363 orlpcrtc.
