2648 4928
189 288 269 375 346
464 366 475 377 ,
530 288 708 369 confessio
732 291 915 367 Scotimna
939 299 970 369 1.

376 489 433 562 12.
477 492 596 557 Fines
617 492 663 555 ΙΝ
683 490 879 555 SPIRITUM
905 490 1115 557 SANGl'Ubl.

272 647 362 713 Fides
384 648 457 709 baec
478 647 597 726 eiusque
618 643 777 717 certitudo,
805 663 842 704 ex
863 664 950 705 earne
970 656 1001 705 et
1022 648 1184 727 sangnine,
1208 642 1291 711 idest
1315 624 1323 675 '⁸

190 756 229 799 ex
249 734 375 797 naturali
396 748 468 813 quae
488 731 518 789 in
540 729 622 789 nobis
643 740 688 788 est
703 727 857 801 facultate,
882 749 939 789 non
953 727 1102 809 procedit,
1125 728 1178 792 sed
1196 741 1240 793 eat
1254 732 1291 793 in·

189 822 310 883 siratio
329 818 453 897 Spiritus
474 815 584 884 saneti,
607 830 689 891 quem
711 812 894 885 confitemur,
918 831 980 872 cunr
1004 814 1153 893 aequalem
1174 812 1250 875 Patri
1265 824 1291 877 d

218 905 285 979 ilio,
312 904 359 984 qui
380 918 432 958 nos
458 896 616 955 sanctificat
637 906 667 954 et
688 893 766 954 ducit
786 898 952 974 operatione
975 916 1047 969 sua,
1078 899 1108 958 in
1130 898 1208 959 omni
1226 900 1292 961 veri·

189 998 269 1060 tate,
293 988 354 1046 sine
375 1001 430 1061 quo
452 978 509 1040 Dei
532 980 659 1051 inimici,
690 989 719 1039 ct
738 980 829 1057 ignari
851 980 918 1039 Filii
941 979 1005 1039 eiua
1026 980 1095 1041 lesu
1116 980 1243 1055 Christi,
1266 983 1291 1043 in

190 1082 337 1133 aeternum
366 1083 554 1127 maneremus.
592 1061 698 1124 Mattb.
715 1072 765 1133 16,
786 1070 836 1125 17.
869 1063 932 1122 lob.
953 1070 1004 1136 1⁴,
1026 1070 1077 1127 lo.
1100 1072 1152 1129 19.
1195 1064 1292 1127 Natura

190 1156 265 1215 enim
287 1154 327 1212 ita
349 1168 444 1211 nunnus
466 1147 585 1218 mortui,
611 1147 692 1206 coeci
712 1157 742 1206 et
766 1148 914 1224 perversi,
938 1157 968 1206 ut
988 1166 1043 1208 nec
1065 1151 1221 1211 sentiamus
1239 1168 1293 1211 en

187 1237 352 1319 pungimur,
375 1231 519 1293 videamus
533 1231 644 1305 lucem,
666 1244 729 1289 eom
748 1228 896 1308 splendet,
919 1250 972 1291 nec
988 1230 1045 1291 Dei
1066 1233 1219 1305 voluntati,
1238 1250 1292 1293 en!

188 1321 272 1383 nobis
304 1319 463 1386 revelatur,
496 1315 605 1393 quimus
634 1315 788 1387 assentiri,
821 1315 877 1373 nisi
908 1315 1023 1394 spiritus
1054 1314 1174 1376 Domini
1201 1316 1291 1391 omui,

188 1404 264 1485 quod
284 1412 422 1463 mortuum
444 1408 507 1467 cst,
530 1397 671 1469 sinificet,
694 1398 804 1456 auferat
820 1397 953 1458 tenebras
973 1400 1107 1459 mentium
1128 1411 1288 1471 nostram,

189 1499 220 1549 et
241 1487 423 1548 rebellionem
445 1478 592 1551 cordium,
616 1482 644 1539 in
664 1481 829 1561 obsequium
852 1480 1018 1542 benedictae
1039 1484 1194 1544 voluntatis
1214 1484 1289 1564 ipsius

188 1572 296 1632 llectat.
340 1568 438 1647 ltaque
460 1565 534 1623 sieut
561 1565 728 1623 eonfitemur
752 1563 847 1624 Deum
869 1564 985 1624 Patrem
1006 1586 1070 1627 cum
1098 1587 1157 1627 non
1176 1584 1290 1628 essem

188 1674 242 1715 nos
271 1670 404 1723 creasse,
437 1659 466 1708 ct
485 1647 590 1707 Filiam
619 1647 681 1707 eius
700 1646 852 1707 Dominum
881 1661 1005 1708 nostrum
1025 1650 1122 1710 lesura
1145 1649 1288 1721 Christum,

188 1756 253 1798 eum
281 1738 344 1797 eiua
368 1732 473 1792 inimici
494 1749 641 1807 essemus,
670 1750 722 1790 nos
749 1730 923 1792 redemisse:
954 1734 992 1791 ita
1013 1734 1099 1793 etiam
1121 1734 1288 1807 conannas,

188 1819 325 1903 Spiritum
339 1827 465 1877 sanctum
475 1856 486 1887 ,
509 1815 572 1874 sine
589 1815 665 1873 omni
679 1816 772 1873 meriti
792 1816 881 1874 nostri
903 1826 1056 1896 respectu,
1077 1817 1159 1900 (sire
1171 1818 1288 1887 sitente,

189 1906 251 1965 sine
269 1913 334 1984 post
353 1899 614 1979 regenerationem)
636 1917 688 1957 nos
711 1899 906 1958 sanctificasse
926 1910 956 1958 et
977 1918 1181 1979 regenerasse.
1212 1898 1290 1961 Erat

188 1986 244 2049 troc
260 2006 348 2051 arnum
372 1982 465 2045 adbuc
486 1978 752 2061 planiuadicanrus,
774 1984 848 2041 sicut
869 2001 921 2041 uos
942 1984 1018 2042 omni
1033 1986 1133 2063 gloria
1153 1982 1289 2047 amun

188 2071 343 2132 amnonis
364 2078 395 2128 et
414 2064 618 2144 redemptionis
639 2076 754 2125 noemae
773 2066 945 2144 spoliamus,
969 2066 1013 2127 sio
1033 2070 1121 2127 otiam
1137 2078 1289 2147 strepue-

187 2155 310 2216 rationis
332 2162 363 2212 et
387 2149 636 2210 sanctificatioaiaa
668 2168 731 2208 nam
760 2167 798 2207 ex
822 2148 905 2207 nobis
932 2167 969 2208 ne
996 2150 1128 2229 cogitare
1154 2150 1287 2233 quidqu

187 2237 256 2299 boni
278 2236 448 2306 audicimus,
471 2229 521 2291 sed
545 2233 593 2312 qui
613 2232 719 2310 incepit
744 2252 815 2311 opus
837 2233 992 2305 innubis,
1016 2235 1041 2293 ia
1062 2235 1143 2296 solua
1162 2244 1221 2307 oti,
1242 2230 1284 2313 qli

186 2319 225 2381 ad
246 2319 356 2381 laudem
378 2327 408 2378 ct
427 2316 565 2397 gloriam,
587 2317 743 2375 immeritae
764 2335 832 2376 suae
852 2318 979 2395 gratiae,
1003 2316 1150 2401 idipsum
1168 2320 1197 2379 ia
1214 2316 1286 2379 nobit

187 2406 344 2468 courtmat.
387 2401 474 2462 Rom.
490 2404 523 2474 5,
544 2408 594 2463 10.
619 2398 719 2463 2Cor.
740 2407 772 2473 d,
793 2403 823 2465 b.

410 2585 466 2654 13·
509 2584 644 2646 CAUSA
666 2584 869 2647 BONORUM
891 2585 1074 2647 OPERUM.

269 2737 369 2817 ltaque
389 2736 574 2809 eonfitemur,
597 2758 711 2797 eansarn
728 2737 864 2796 benorum
881 2756 996 2815 operum
1015 2756 1082 2798 esse
1101 2758 1159 2798 non
1176 2746 1284 2799 nasim

186 2822 305 2882 liberum
330 2823 491 2890 arbitrium,
522 2821 571 2879 sed
593 2822 707 2880 Domini
736 2823 824 2880 nostri
853 2822 917 2880 lesn
942 2824 1091 2899 spiritum,
1121 2822 1284 2894 ioh.a‚o.,

187 2907 234 2985 qni
256 2926 307 2984 per
328 2926 422 2964 teram
444 2903 527 2963 lidern
550 2906 678 2964 babitans
700 2906 727 2962 in
746 2906 851 2963 nostris
874 2904 1006 2963 cordibus
1027 2907 1095 2964 talia
1117 2906 1192 2966 iruna
1213 2920 1285 2985 open

185 2987 330 3069 producit,
350 2990 441 3066 qualia
466 2988 545 3047 licus
569 2991 763 3067 praeparavit,
788 3000 818 3046 ut
839 2989 867 3046 in
889 2990 944 3046 illis
966 2989 1188 3053 ambularemus.
1219 2986 1283 3067 Epi.

185 3084 218 3144 2,
237 3082 285 3135 lo.
332 3073 396 3130 lloo
418 3073 491 3129 enirn
513 3070 717 3131 audentissime
741 3072 925 3143 allirrnarnns,
956 3071 1149 3150 blasphemum
1169 3093 1234 3134 esse
1252 3070 1285 3129 di·

185 3175 266 3228 cere,
291 3154 435 3213 Christum
457 3156 483 3213 in
507 3157 603 3214 talium
625 3154 758 3213 cordibus
778 3155 921 3225 babitare,
946 3154 973 3213 in
991 3157 1092 3234 quibua
1106 3158 1199 3216 nullus
1218 3172 1285 3237 peut·

186 3260 234 3299 aus
258 3250 302 3298 est
328 3240 560 3297 sanctificationis
588 3241 714 3319 spiritus.
758 3236 881 3316 ideoque
910 3259 963 3297 oon
992 3260 1127 3300 ueremur
1146 3241 1283 3307 affirmare.

186 3320 359 3393 homicidas,
383 3342 584 3401 oppressores,
608 3321 756 3391 crudeles,
781 3333 997 3400 persecutores,
1023 3322 1188 3395 adulteros,
1210 3322 1285 3384 iorni·

185 3417 318 3474 catores,
347 3407 471 3484 impuros
497 3406 642 3475 homines,
667 3404 848 3477 idololatras,
871 3407 1017 3476 ebriosos,
1048 3407 1148 3479 sures,
1179 3408 1284 3467 etattn

184 3490 339 3568 iniqnitatis
360 3491 526 3567 operarios,
558 3508 610 3548 nec
635 3506 728 3545 return
751 3489 850 3557 iidem,
875 3509 927 3548 nee
952 3491 1032 3548 ullam
1055 3490 1183 3569 Spiritus
1205 3487 1285 3551 noeti

183 3575 342 3653 portionem
364 3571 490 3645 babere,
519 3571 639 3652 quandin
661 3573 688 3628 in
715 3572 763 3629 tali
786 3574 933 3651 iniquitate
954 3575 1142 3651 pertinaciter
1164 3590 1285 3654 perseve-

184 3657 322 3716 raverint.
354 3656 427 3715 Nam
449 3656 649 3735 qrranrprinrunr
668 3653 791 3733 Spiritus
809 3656 923 3715 Domini
940 3658 1017 3727 lesu,
1041 3678 1126 3737 quiem
1141 3656 1198 3718 Dei
1212 3653 1284 3717 electi

183 3757 237 3820 per
256 3759 349 3798 veram
372 3740 454 3798 ntem
477 3739 636 3816 recipiunt,
660 3742 871 3816 possessionem
894 3743 922 3798 in
936 3742 1055 3800 alicrrius
1070 3741 1160 3801 corde
1179 3741 1282 3819 accipit,

182 3832 241 3882 lam
264 3825 356 3881 atatim
380 3824 518 3882 bominem
542 3823 616 3879 illum
640 3834 805 3900 regenerat,
829 3836 858 3882 et
881 3836 1016 3883 renovat:
1040 3828 1094 3896 sie,
1118 3825 1230 3885 utodio
1245 3822 1285 3881 ba·

183 3906 254 3966 bere
274 3907 409 3985 incipiat,
433 3906 505 3985 qnod
529 3916 611 3963 antea
632 3918 792 3977 ornaverat,
816 3919 842 3965 et
865 3906 931 3964 illud
952 3909 1067 3987 incipiat
1088 3928 1199 3981 aurare,
1221 3900 1283 3988 quud

182 4000 265 4050 antea
288 3989 404 4049 odorata
430 4001 458 4048 et
480 3987 546 4047 inde
567 3989 696 4066 procedit
713 3992 842 4049 continua
868 3991 914 4048 itta
938 3992 1012 4050 inter
1029 4011 1145 4051 enarrem
1163 4005 1193 4052 et
1213 3988 1284 4071 spiri·

181 4086 239 4133 tum
261 4094 370 4153 pugna:
401 4071 473 4132 adeo
501 4072 574 4152 quod
596 4092 663 4131 caro
685 4085 715 4133 et
743 4076 877 4133 naturalis
905 4075 1007 4145 bomo,
1035 4076 1194 4137 secundum
1217 4090 1283 4135 sua·

181 4159 389 4236 corruptionem
419 4157 559 4234 placentia
586 4157 689 4215 sibiet
711 4157 829 4216 incunda
857 4161 1051 4237 concupiscit,
1086 4156 1283 4221 murmuratie

181 4240 330 4311 adversis,
357 4240 385 4298 io
408 4238 539 4299 secundis
561 4240 695 4309 effertur,
719 4252 747 4298 et
769 4241 897 4300 omnibns
921 4244 1069 4302 momentis
1088 4257 1135 4304 est
1156 4260 1243 4326 prone
1259 4246 1285 4297 tl

180 4335 279 4406 parata
300 4322 336 4385 ad
359 4319 415 4383 Dei
442 4326 617 4385 maiestatem
640 4321 846 4386 ollendcndnm.
890 4326 1034 4401 ἥσω,
1055 4335 1107 4391 16.
1154 4326 1215 4389 Sed
1236 4320 1283 4387 liti
