2648 4928
416 290 472 363 De
504 290 725 363 Poeniteutiu.
1001 282 1080 365 493

87 470 127 533 lle
146 466 308 543 Dominus,
333 486 388 529 one
413 466 494 528 uobis
515 468 707 548 legispersn's,
740 469 809 548 quin
837 469 946 531 nuent
974 472 1082 533 elnon

87 556 209 627 hlaine,
229 554 291 635 ipsi
303 571 361 615 non
381 552 542 625 introistis,
566 563 596 613 et
615 574 665 613 eos
690 554 742 632 qui
761 551 920 614 manabunt
939 558 1080 617 mtuutu.

87 652 116 701 ta
137 640 237 719 itaqua
258 646 289 697 ot
311 634 466 696 efficaciter
486 636 607 696 ministri
628 636 795 708 absolvunt,
819 635 883 697 dum
902 640 1082 717 euangelium
1110 662 1235 719 omn.

88 723 184 794 risti,
214 732 244 782 et
276 719 306 778 in
336 718 391 779 boe
419 719 616 780 remissionem
641 728 836 799 pcccatorum,
867 738 939 800 quae
961 722 1192 801 eruptionum
1210 724 1256 769 ὓ-

87 805 228 869 mittitur
254 800 403 872 fidelibus,
433 802 519 863 sicuti
550 814 580 862 et
602 802 704 881 singuli
727 812 793 862 suot
814 802 968 882 baptizati,
999 824 1082 885 prae
1117 782 1226 859 ⁸⁰¹l³¹¹¹⁸

87 900 165 961 aot,
189 898 224 949 et
243 884 280 945 ad
303 886 430 964 singulos
452 886 634 965 peculiariter
653 886 798 965 pertinere
825 897 975 946 testantur.
1017 888 1084 949 Nec

87 988 181 1035 umus
204 969 410 1031 absolutionem
435 969 506 1029 banc
529 970 715 1030 efficaciorem
737 970 818 1041 lieri,
842 988 895 1049 per
915 971 985 1040 boe,
1007 969 1083 1051 quod

92 1074 205 1133 aaran
225 1053 313 1114 alieni
332 1061 382 1112 aut
410 1071 497 1133 super
518 1065 603 1133 caput
630 1054 749 1113 alicuius
771 1053 956 1131 singulariter
976 1055 1083 1115 inmus-

87 1150 192 1205 rattsc.
237 1134 397 1197 Censemos
418 1146 511 1196 tornea
538 1136 638 1197 sedulo
659 1136 882 1197 annunciandam
904 1155 970 1198 esse
992 1137 1084 1199 bomi-

87 1248 102 1287 t.
138 1222 343 1285 remissionem
369 1230 568 1300 pcccatorum,
598 1222 627 1280 iu
657 1221 795 1299 sanguine
824 1217 954 1293 Christi,
986 1220 1084 1281 admo·

87 1304 223 1389 odorque
241 1304 390 1385 singulos,
417 1303 491 1385 quod
511 1302 548 1363 ad
570 1304 647 1385 ipsos
667 1305 811 1385 pertineat
830 1306 964 1365 amissio
980 1324 1084 1386 pecca·

87 1412 159 1455 ut.

133 1470 293 1537 Caeterum
313 1488 395 1549 quam
416 1469 565 1547 vigilantes
589 1467 758 1549 sedulaeque
779 1480 909 1549 oporteat
929 1488 996 1529 esse
1016 1489 1086 1551 poe-

87 1568 180 1621 atttus
202 1556 234 1617 in
254 1551 349 1614 studio
376 1552 453 1613 uitae
481 1574 589 1626 nouae,
624 1566 654 1613 et
681 1554 709 1614 in
732 1553 911 1614 eoolieiendo
936 1565 1034 1613 vetere
1054 1565 1087 1614 et

87 1638 208 1705 eiusde
239 1656 314 1699 novo
345 1635 477 1709 bomine,
513 1636 617 1697 docent
654 1656 706 1697 nos
742 1637 872 1714 exempla
905 1637 1082 1716 evangeliea.

87 1726 197 1787 ninus
218 1722 294 1783 euim
314 1717 351 1780 ad
372 1720 575 1800 paralyticum,
599 1739 681 1799 quem
702 1730 872 1793 sanaverat,
896 1718 983 1792 dicit,
1007 1723 1086 1782 Eece
1106 1734 1210 1783 amna.

87 1828 141 1871 rus
164 1806 273 1888 suetus
292 1823 340 1876 es,
369 1823 406 1862 ne
427 1807 551 1883 posthoc
572 1823 691 1882 pecces,
715 1823 754 1865 se
780 1805 851 1883 quid
880 1805 1007 1864 deterius
1034 1804 1090 1865 reba·

87 1893 219 1968 raingus.
262 1886 310 1947 Ad
330 1885 487 1946 adulteram
510 1887 656 1948 liberatam
679 1885 752 1947 idem
775 1885 864 1958 dixit,
886 1888 983 1956 Vnde,
1006 1896 1037 1947 et
1050 1907 1087 1946 ne
1109 1900 1173 1943 toan
1187 1896 1211 1942 ο.

87 1976 176 2037 redae
190 1973 366 2051 muneres.
411 1970 523 2044 Quibus
545 1989 614 2031 saue
635 1971 730 2029 verbis
753 1989 809 2030 non
832 1970 1003 2050 signifieat-it
1023 1969 1087 2030 llari

87 2076 157 2129 sse,
190 2064 222 2115 ut
248 2054 331 2114 bomo
358 2052 509 2133 aliquando
537 2073 593 2113 nou
616 2065 736 2132 peccet,
764 2051 828 2112 dum
857 2052 950 2113 adbuc
977 2055 1007 2112 in
1033 2051 1087 2112 luae

87 2156 144 2203 tuo
157 2136 244 2208 vivit,
261 2134 312 2197 aed
334 2138 507 2216 vigilantiam
522 2148 739 2217 coronatumque
758 2134 880 2196 studium
896 2134 1086 2207 commendat,

105 2218 211 2285 nodis
232 2220 266 2297 iu
286 2240 370 2300 quam
398 2221 527 2281 omnibus
555 2222 733 2295 annitamur,
764 2229 794 2279 et
820 2221 953 2298 precibus
983 2218 1087 2279 allon

87 2318 210 2377 unas,
232 2321 269 2364 ue
290 2303 451 2364 relabamur
480 2305 509 2362 in
530 2314 663 2383 peceato,
691 2322 728 2362 ex
754 2302 855 2383 quibus
882 2302 969 2363 veluti
990 2321 1089 2363 rosor·

87 2390 205 2461 sinan,
227 2396 256 2446 et
277 2406 314 2447 ne
335 2389 482 2447 vincamur
502 2406 519 2446 a
541 2406 645 2457 carne,
669 2385 792 2455 muodo,
816 2398 844 2446 ot
862 2384 985 2445 diabolo.
1029 2384 1089 2445 Za-

87 2488 171 2535 ma
189 2470 353 2551 publicanus
381 2473 409 2530 in
431 2471 550 2548 gratiam
580 2481 711 2548 receptus
731 2489 747 2528 a
770 2468 911 2540 Domino,
934 2469 1037 2530 elamat
1056 2470 1088 2529 in

87 2554 237 2635 nugalis,
263 2556 340 2615 Eece
366 2555 510 2614 discidium
542 2553 678 2612 bonorum
704 2572 848 2623 meorum,
881 2554 1020 2626 Danube,
1051 2554 1089 2612 do
1111 2572 1168 2617 nno,
1181 2568 1206 2619 n.

87 2638 253 2721 rependas,
276 2649 306 2698 et
324 2639 354 2698 εἰ
373 2658 453 2716 quern
475 2634 664 2710 desrnoduot‘,
686 2637 775 2694 reddo
796 2637 997 2715 quadruplum.
1042 2634 1090 2695 Ad

89 2720 183 2783 nciam
201 2740 271 2800 ergo
293 2718 403 2780 modum
424 2718 618 2799 praedicamus
642 2720 848 2778 restitutionem
875 2730 905 2778 et
925 2719 1090 2797 misericor·

87 2826 148 2878 ιΙ,
168 2800 299 2884 adeoque
322 2804 531 2884 eleemosynam
555 2824 622 2862 vere
639 2801 848 2883 poenitentibus
869 2820 934 2862 essa
957 2821 1090 2862 necessa·

87 2910 130 2951 ιι
144 2887 200 2965 ⁸)=
221 2898 252 2947 et
272 2889 301 2947 in
322 2888 485 2947 universum
506 2887 637 2964 Apostoli
658 2885 752 2944 verbis
773 2884 919 2945 hortamur
939 2904 1090 2946 omnesne

87 2988 204 3043 nnus,
239 2971 284 3033 Ne
304 2981 410 3049 regnet
425 2981 573 3050 peceatum
596 2972 625 3029 in
646 2971 764 3029 mortali
781 2979 875 3028 uerno
897 2989 1035 3048 conpore,
1059 2980 1093 3029 ut
1113 2990 1216 3041 nnn

87 3056 207 3117 eliuth
241 3054 312 3131 eit)
346 3074 403 3133 per
437 3056 607 3133 cupiditates
643 3056 723 3112 etus:
754 3072 845 3132 neque
874 3052 1093 3113 accommodet&

87 3138 190 3201 sadra
211 3148 307 3197 oestro
333 3157 416 3198 ormo
444 3139 602 3197 titiusts'n'ue
626 3146 762 3214 peccatu,
792 3138 845 3194 sed
872 3137 1093 3196 accommodetis

87 3222 249 3302 metipsos
273 3222 351 3292 Deo,
387 3222 467 3279 uelut
501 3241 540 3278 er
572 3221 693 3280 mortuis
723 3221 865 3290 nubentes,
903 3229 934 3280 et
967 3219 1093 3280 membra

87 3316 160 3369 m
181 3321 267 3364 amu
287 3306 414 3363 obstr'tr'ne
433 3306 505 3362 Ileu.

148 3400 277 3465 Proinde
299 3402 460 3461 damnamus
484 3420 581 3460 omnes
610 3400 710 3480 impias
734 3398 907 3479 quorundam
929 3400 1094 3480 evangeliea
1116 3418 1225 3461 arronem

87 3486 280 3551 medicatione
300 3485 474 3544 abutentium
497 3503 602 3554 voees,
626 3496 656 3542 ct
677 3483 849 3555 dicentium,
868 3484 974 3542 Facilis
995 3483 1095 3544 estad

87 3592 158 3633 eum
178 3567 307 3640 reditus,
338 3567 471 3627 Christus
500 3568 623 3645 expiavit
643 3568 735 3626 omnia
759 3578 891 3645 peccata,
923 3566 1028 3625 Facilis
1050 3578 1096 3626 cst

87 3666 248 3717 tentemur
279 3650 465 3723 condonatio,
502 3649 567 3730 quid
603 3669 673 3728 crgo
702 3669 823 3730 peceare
853 3649 988 3709 nocebat
1030 3650 1095 3710 Nee

87 3755 241 3819 tagnopere
273 3734 396 3795 curanda
427 3745 472 3793 est
490 3736 676 3812 poenitentia,
699 3744 756 3792 cte.
775 3736 815 3803 8).
859 3732 1003 3793 [locemus
1024 3734 1097 3792 inte-

87 3842 117 3887 m
138 3839 266 3900 semper,
289 3828 318 3877 et
337 3819 464 3877 omuibus
477 3817 674 3897 peccatoribus
691 3814 796 3874 aditum
814 3828 912 3894 patore
933 3814 968 3876 ud
987 3815 1094 3887 Deum,

87 3906 191 3967 :bunc
214 3904 320 3974 omnia,
339 3903 467 3961 omnibus
486 3900 615 3959 fidelibus
639 3898 800 3959 condonare
822 3910 952 3978 peccata,
975 3911 1097 3979 excepto
1120 3918 1193 3961 orme
1207 3914 1231 3960 a.

87 4010 123 4053 so
145 3990 198 4051 illu
222 3996 359 4066 mutu,
388 3987 417 4045 t'n
439 3987 570 4064 spniu'tnm
599 3993 739 4043 sonutam.
783 3981 908 4063 ldeuquu
932 3981 1097 4042 damnamus
1121 3998 1217 4043 semna

87 4088 93 4133 t
113 4082 234 4135 netem
257 4080 286 4130 et
307 4088 395 4130 novos
410 4068 599 4140 Novatianos,
622 4077 705 4146 atque
725 4064 877 4127 Catharos.
922 4066 1099 4127 Damurmna

87 4194 292 4213 W

130 4250 165 4321 6)
188 4250 373 4310 motans]
399 4250 426 4302 in
444 4247 488 4301 ed.
512 4247 602 4301 Kindt.
627 4246 739 4314 legimns
762 4248 915 4303 nereum.
968 4242 999 4311 7)
1017 4256 1099 4295 mour.

87 4328 134 4379 'u’-
150 4322 192 4375 siu
208 4334 258 4391 pru
274 4319 307 4372 ei.
355 4316 387 4386 8)
406 4324 454 4370 etc.
471 4317 548 4370 deest
563 4316 591 4369 io
608 4331 687 4371 mer.
703 4314 770 4371 Tur.
