2648 4928
15 284 17 288 ’
106 292 223 351 xxxrr
532 276 807 371 anaararro.
1119 259 1120 263 ‘
1167 310 1190 365 p

109 447 146 505 sit
161 443 279 520 eiusque
302 438 364 497 loco
382 435 466 495 aliam
487 437 619 509 emi.
647 433 754 510 attolit,
773 444 804 494 et
822 435 1035 514 qniWinerum
1053 446 1190 528 secutus*

115 551 231 614 Gaerik
248 551 278 608 in
297 545 384 613 theol.
403 545 495 620 amb.
514 538 622 622 pato.
656 543 693 601 tlt
710 542 740 601 in
757 542 927 604 bibliotheca
945 544 1087 605 Fenerliui
1117 565 1190 638 nem

41 724 51 749 Ι
114 661 231 740 quidem
248 655 330 726 hpius
349 650 532 711 coufesaionis
550 650 639 711 editio
655 661 876 711 commemorata
894 664 948 728 est,
965 663 994 713 et
1011 654 1140 723 Eschero
1160 676 1190 752 ᾗ..

117 771 147 829 in
160 765 270 827 Erscbii
283 773 312 822 et
328 761 454 820 Gruberi
472 760 619 838 encyclop.
632 760 753 820 univers.
768 759 890 819 Sectll.
905 761 991 820 Tom.
1000 763 1035 820 V,
1051 781 1081 840 p.
1090 768 1157 827 229.
1165 803 1190 862 ξι.

119 881 148 937 4.
162 873 239 932 nulla
256 868 383 929 eiusdem
398 877 478 931 extet
493 868 596 944 editio,
610 886 685 947 quae
698 868 811 947 publica
826 868 936 928 fruatur
950 872 1127 931 auctoritate.
1152 871 1190 973 lm

120 980 224 1041 deinde
250 977 326 1039 huno
345 976 461 1036 exhibet
483 974 667 1036 confessionis
693 977 872 1055 germanicae
898 978 1024 1039 titulum:
1058 977 1131 1044 (litte
1155 982 1178 1061 l*

90 1111 94 1131 ¹
121 1094 180 1153 unt
199 1085 321 1161 aeneiae
338 1062 516 1155 &stenholt
534 1088 582 1147 trs
602 1082 755 1167 (ditabant
772 1083 960 1156 lectitare,
982 1087 1009 1158 fn
1029 1070 1168 1173 lupinos⁴

123 1195 291 1274 pennafora
332 1195 384 1255 boe
418 1191 605 1271 decanatum
642 1190 752 1268 §briht
787 1208 987 1268 ongsrommen
1023 1194 1127 1268 boian,
1144 1155 1190 1285 l?

125 1301 288 1380 &tantiam
306 1306 365 1364 unt
377 1299 528 1387 &commea
546 1296 736 1377 pustulata,
756 1315 791 1377 pu
809 1295 951 1374 bibinen
970 1306 1028 1365 unt
1045 1319 1079 1380 pu
1098 1273 1190 1424 urta}

124 1411 293 1489 bntptilrlitt
326 1409 377 1469 sed
405 1409 486 1469 simul
519 1409 656 1485 affirmat,
691 1417 798 1467 textum
833 1406 1018 1470 consessionis
1044 1411 1166 1488 germani

126 1539 280 1600 numquam
305 1518 383 1596 typis
407 1534 574 1596 expressum
588 1504 679 1592 esse,
706 1517 824 1575 latinum
851 1535 918 1576 rero
942 1529 1002 1576 tum
1029 1519 1058 1577 in
1086 1493 1190 1599 haral·²

126 1641 186 1689 tum
205 1631 236 1688 in
256 1643 376 1705 corpore
394 1636 424 1685 et
441 1633 621 1704 syntagmate
634 1623 844 1695 nominationum
863 1634 973 1686 extare.
1013 1626 1101 1685 Addit
1112 1596 1190 1687 deanll

127 1735 390 1815 interpretationem
418 1733 558 1804 Gallicam
583 1733 702 1810 reperiri
728 1733 806 1809 apud
831 1733 992 1793 Rucbatum
1016 1734 1080 1794 lc.
1099 1710 1190 1797 'roffi

129 1864 159 1925 p.
175 1849 242 1906 ⁵10.
264 1844 304 1902 sic
321 1841 501 1919 inscriptam:
527 1839 629 1900 Briere
647 1840 809 1901 confession
833 1840 871 1899 de
896 1839 939 1899 foi
961 1840 1012 1900 des
1031 1842 1134 1919 eglises
1154 1806 1187 1931 dl

130 1953 244 2027 Sabae,
269 1950 319 2028 qui
337 1957 387 2007 out
405 1949 550 2008 embrassri
574 1947 732 2024 l'llrengile
751 1946 788 2007 de
813 1945 895 2007 lesus
913 1949 1024 2027 Christ,
1047 1932 1186 2030 presenbl

121 2070 195 2118 ‘tous
213 2059 253 2116 les
267 2056 380 2117 Fideles
399 2068 429 2117 et
447 2058 488 2115 les
503 2057 583 2116 Gens
600 2055 638 2116 de
656 2056 739 2131 bien,
761 2075 835 2135 pour
852 2057 1018 2116 l’examiner
1036 2070 1066 2118 et
1085 2078 1122 2120 eu
1136 2046 1190 2139 jub

129 2165 282 2244 composde
301 2164 320 2221 a
336 2164 406 2223 Bae
426 2165 484 2222 l’en
503 2169 594 2236 1536„
612 2182 649 2223 au
669 2164 741 2222 mois
761 2163 798 2223 de
815 2165 930 2225 Fe'rrier
947 2175 977 2225 et
996 2168 1096 2244 signe'e
1115 2187 1150 2227 en
1167 2164 1190 2227 ‚²⁵

131 2292 186 2353 par
203 2274 243 2332 les
263 2272 391 2332 Centone
408 2271 570 2333 Reformez.
606 2272 645 2330 Et
662 2272 807 2330 Ruclratus
825 2274 904 2349 ipse,
926 2290 958 2332 se
977 2275 1190 2353 consessioneni

132 2381 294 2458 germanico
319 2389 400 2439 textu
423 2380 596 2439 transtulisse
630 2379 698 2437 dicit
724 2380 795 2454 l.,c.
822 2379 886 2440 Vol.
902 2380 940 2441 V.
962 2401 991 2460 p.
1007 2389 1072 2446 509.
1097 2366 1190 2444 ouili

133 2497 248 2548 extant:
280 2487 328 2546 On
349 2488 445 2546 feroit
462 2487 549 2546 ecrite
566 2506 602 2547 eu
621 2486 724 2570 Latin,
750 2497 779 2546 et
805 2507 844 2546 on
863 2489 986 2566 chargea
1011 2490 1093 2551 Leon
1109 2492 1147 2552 de
1163 2492 1190 2562 :a

133 2596 171 2656 de
196 2597 224 2655 la
241 2596 368 2655 traduire
386 2613 423 2654 en
447 2595 611 2656 atlemmd:
640 2596 761 2655 Comme
787 2605 861 2655 cette
886 2597 972 2657 Pie'ce
999 2601 1072 2658 n’est
1097 2618 1151 2677 pes
1175 2614 1190 2659 u

133 2705 255 2780 longae,
282 2713 311 2763 et
336 2704 439 2782 qu’elle
461 2714 504 2763 est
528 2704 585 2763 fort
603 2722 684 2780 rare,
710 2706 742 2783 je
766 2704 794 2762 le
813 2706 925 2764 mettrai
949 2705 984 2764 ici
1011 2716 1073 2767 tout
1096 2726 1134 2769 ao
1159 2710 1190 2770 bn

134 2812 251 2871 traduita
267 2810 418 2887 fiddlerrteul
434 2832 482 2872 aar
499 2813 528 2872 la
547 2815 629 2892 Copia
647 2811 819 2873 Allemuade.

203 2920 346 2997 Equidem
364 2923 450 2980 etiam
469 2922 544 2980 hane
564 2921 767 2980 confessionem
787 2930 817 2979 et
836 2921 996 2997 germanico
1024 2929 1053 2979 et
1071 2921 1160 2987 latino

132 3043 217 3084 mone
236 3026 450 3102 exprimendam
469 3028 576 3087 curari.
613 3028 814 3086 Germanicam
833 3025 996 3103 deprompsi
1014 3045 1052 3085 ex
1070 2986 1190 3090 codicel

132 3132 216 3191 form.
230 3134 259 3192 4.
275 3133 343 3192 bibl.
361 3132 507 3191 cuiusdam
521 3132 691 3194 Basileensis
705 3134 745 3193 sic
762 3132 905 3210 insignito:
922 3133 987 3193 Gai.
1001 3134 1024 3196 1.
1046 3141 1118 3212 167„
1131 3137 1160 3197 iu
1177 3172 1189 3216 ῃ

131 3248 280 3316 practerea
293 3239 422 3298 Blaurari
441 3240 526 3300 Conf.
546 3239 583 3299 de
602 3240 634 3300 S.
652 3241 698 3316 C.,
720 3239 870 3300 Confessio
889 3241 998 3304 Saron.
1025 3243 1114 3304 Elect.
1135 3247 1190 3327 'l'ea

131 3348 197 3406 torii
213 3367 276 3406 cum
294 3348 407 3407 iuterim
427 3359 457 3408 et
475 3349 531 3407 alia
548 3347 705 3428 quaedam,
721 3350 875 3428 praecipue
888 3350 1043 3429 Bullingeri
1060 3363 1089 3412 et
1107 3353 1190 3452 Billa

130 3455 176 3515 dri
194 3456 299 3534 scripte
319 3458 508 3518 continentur.
543 3456 638 3515 Prima
657 3459 762 3536 pagiua
782 3457 855 3519 haec
874 3470 987 3520 extent:
1008 3462 1089 3520 llunc
1108 3462 1188 3541 coeit

128 3563 169 3622 hl.
189 3563 222 3624 S.
241 3563 435 3625 Bibliothecae
461 3565 613 3626 Catulinae
639 3566 754 3626 donarit
771 3566 870 3629 Mense
897 3569 973 3628 hlaio
995 3574 1075 3629 1031.
1093 3568 1157 3632 lob.
1170 3570 1190 3653 ll

128 3670 250 3749 delphus
279 3671 412 3732 Stuohius
439 3672 588 3732 Professor
613 3676 715 3734 artium
749 3674 862 3736 dicendi
888 3688 916 3736 et
935 3677 1190 3762 bibliothecarius·⁴

127 3796 202 3838 enno
222 3785 303 3842 1630.
339 3781 371 3840 ln
389 3779 447 3841 fine
465 3791 578 3843 noutna
596 3794 640 3843 est
658 3782 736 3859 dies,
754 3802 812 3862 quo
830 3786 922 3844 scriba
940 3804 1012 3863 opus
1031 3805 1114 3844 suum
1134 3787 1190 3871 obp

90 3938 94 3945 ,
126 3888 179 3963 rit,
207 3887 269 3948 dies
286 3889 391 3949 scilicet
408 3890 514 3953 xxiii.
536 3891 659 3951 ianuarii
684 3892 752 3951 euni
771 3897 852 3954 1538.
888 3894 1023 3953 Codicem
1051 3893 1126 3953 huuc
1144 3894 1190 3977 Bt,

123 3996 247 4056 leensem
265 3999 381 4057 contulit
400 3998 569 4058 Fritzechius
589 4020 652 4058 cum
671 4001 834 4072 Turicenei,
863 4020 948 4087 quem
974 4004 1002 4059 in
1022 4001 1161 4063 tabulario
1177 4026 1190 4089 ·;

121 4104 275 4165 clesiastico
293 4107 399 4184 reperit
415 4108 496 4183 signo
513 4107 547 4166 Β.
556 4127 579 4168 r.
599 4120 729 4168 ornatum
747 4116 777 4166 et
795 4109 835 4167 sic
853 4110 1030 4186 inscriptum:
1048 4109 1190 4194 Donatiur¹

117 4210 224 4289 aliquot
241 4213 353 4291 Regum
371 4223 400 4273 et
418 4216 576 4292 principum
593 4218 726 4277 rherum.
742 4249 779 4262 —
816 4217 1003 4293 antiquitates
1023 4218 1190 4298 quaedam«.

27 4301 32 4312 ’
115 4318 247 4397 Collegiis
278 4332 308 4381 et
333 4324 461 4402 Templis
488 4325 640 4402 Tigurinis.
666 4357 704 4369 —
739 4324 833 4402 Reges
861 4324 1034 4385 Francorum
1067 4346 1085 4386 a
1111 4329 1190 4406 Phar
