2648 4928
127 266 205 353 154
360 234 383 257 Ἰ
438 267 669 347 catechismus
692 273 916 349 eeneveusis

126 457 217 527 manu,
239 473 297 515 non
317 452 413 515 habita
433 457 524 519 nostri
544 457 674 528 rationo,
704 466 836 535 uuquam
865 453 1009 534 proprium
1030 468 1112 513 mum
1134 452 1194 523 fine¹

126 540 296 620 respiciunt3
320 539 449 619 reliquae
467 537 503 598 ad
524 556 576 597 uos
596 540 800 617 utilitatemque
820 548 943 598 nostram
965 547 1106 617 spectant.

164 670 167 675 .
208 622 255 682 M.
296 620 417 700 Ergone
443 620 593 703 petendum
619 633 664 683 est
685 642 702 681 a
722 620 787 681 Deo
809 623 976 703 quicquam,
1009 618 1083 681 uude
1105 618 1178 681 nihil

123 724 178 769 nos
197 706 265 766 boni
285 702 404 765 redeat?

209 788 246 848 P.
290 787 354 867 lpse
375 785 487 867 quidem
503 807 554 866 pro
571 787 679 846 infinita
701 806 751 847 sua
762 785 888 849 bonitate
908 787 949 847 sic
965 788 1111 867 componit
1123 788 1194 851 otoni

126 872 253 935 mainil
284 869 367 929 cedat
396 872 424 929 in
455 872 543 950 ipsius
569 872 707 949 gloriam,
744 873 810 951 quin
839 871 921 933 uobis
944 866 1062 951 ‘quoque
1091 871 1131 931 sit
1154 870 1194 933 nl

126 967 199 1017 tare.
243 954 341 1030 ltaque
363 974 446 1032 quum
467 955 660 1013 sanctificatur
680 956 741 1013 eius
764 975 882 1026 momen,
914 966 945 1013 ut
966 954 1046 1013 uobis
1067 972 1194 1039 quotptto=

125 1037 375 1100 sanctificationem
398 1048 542 1110 uertatur,
573 1039 677 1097 efficits
708 1058 763 1096 non
784 1036 899 1097 advenit
918 1039 980 1097 eius
1001 1044 1194 1121 mgnum&

124 1124 213 1182 murus
244 1117 448 1201 quodammodo
485 1121 546 1181 eius
584 1123 746 1200 participes.
806 1122 915 1183 Verum
952 1122 982 1181 ia
1018 1118 1151 1201 optandis
1167 1120 1194 1187 l

125 1205 255 1265 munibus
282 1202 370 1262 solam
400 1205 460 1263 eius
489 1203 627 1284 gloriam,
660 1206 813 1285 praeterita
838 1215 935 1265 uestra
957 1205 1096 1280 utilitate,
1125 1206 1194 1289 iniq

124 1288 267 1349 convenit.
1132 1348 1135 1353 ,
1184 1288 1192 1359 ’,

206 1368 252 1431 Μ.
295 1367 426 1450 Nempe,
450 1370 603 1432 secuudum
626 1371 698 1431 hauc
722 1368 897 1446 doctrinam,
920 1372 975 1433 tria
996 1371 1067 1431 haec
1090 1362 1194 1451 postbh

122 1474 187 1517 tatur
207 1454 328 1513 utilitato
350 1453 461 1533 quidem
483 1467 581 1516 nostra
607 1458 757 1516 coniuncta
779 1467 861 1515 suut:
895 1476 950 1515 non
977 1467 1069 1515 tamen
1092 1457 1123 1513 iu
1142 1442 1194 1527 alit

122 1557 239 1619 neopum
260 1537 406 1599 collimare
427 1536 548 1612 debent,
572 1560 654 1618 quam
677 1550 708 1597 ιιι
728 1540 904 1616 glorificetur
923 1538 981 1599 Dei
1002 1559 1118 1599 nomeu.

205 1620 243 1683 P.
287 1618 337 1681 ste
359 1632 420 1694 est,
449 1634 533 1703 atque
555 1623 626 1682 adeo
649 1625 677 1682 iu
699 1623 816 1701 reliquis
834 1623 918 1683 etiam
941 1621 1031 1683 tribus
1051 1618 1194 1697 rudemfl

122 1706 216 1785 gloria
236 1723 321 1764 curae
343 1704 423 1764 nobis
441 1726 504 1766 esse
526 1705 628 1767 debet:
660 1717 801 1785 uteunque
824 1707 875 1777 iis,
910 1726 981 1785 quae
999 1707 1029 1766 ln
1046 1702 1108 1765 rem
1128 1722 1194 1767 aot

122 1791 209 1851 tutem
231 1800 355 1848 nostram
376 1800 459 1864 sunt,
482 1788 612 1870 optandis
633 1791 747 1869 proprie
769 1791 825 1849 siat
846 1788 995 1849 destinata.

202 1871 249 1932 Μ.
293 1870 379 1930 Nunc
408 1872 444 1932 ad
471 1874 620 1933 uerborum
648 1874 862 1955 explicationem
893 1892 1061 1952 pergamus:
1092 1890 1127 1937 oo
1150 1870 1194 2017 Ἦ

120 1954 214 2099 gppe,
248 1952 309 2013 Cur
330 1961 428 2033 putris
455 1977 557 2017 nomeu
584 1958 630 2018 bie
651 1957 762 2037 potius,
794 1976 878 2036 (paam
899 1955 975 2017 aliud
998 1951 1156 2037 quodvis..
1189 2032 1194 2043 1

151 2040 273 2099 'ulturi
816 2075 823 2091 ·
1170 2086 1177 2101 .

201 2120 239 2180 P.
282 2120 376 2196 Quum
410 2120 446 2183 ad
475 2134 582 2185 rectam
612 2122 712 2185 orandi
733 2124 871 2197 rationem
893 2125 921 2185 in
946 2122 1194 2205 primis‚requirnt

120 2224 223 2266 mura
243 2207 434 2267 eonscientiae
456 2206 577 2281 fiducia,
609 2228 710 2269 nouaen
731 2209 786 2268 boc
808 2208 864 2267 sibi
884 2209 1001 2268 assumit
1020 2206 1122 2280 Deus,
1152 2222 1194 2305 ‘l'-

120 2289 192 2349 uibil
219 2288 275 2347 uisi
303 2309 408 2349 meram
439 2294 603 2353 suauitatem
631 2303 731 2351 senat:
769 2303 815 2362 ut,
847 2292 886 2350 ita
913 2310 1032 2350 excussa
1060 2308 1098 2349 ex
1125 2304 1194 2351 ut!

119 2372 225 2433 nostris
246 2374 322 2431 ourui
343 2375 497 2449 anxietate,
520 2374 556 2436 ad
577 2396 608 2435 se
625 2376 802 2435 familiariter
823 2372 1027 2454 implorandum
1048 2392 1102 2433 uos
1115 2372 1194 2443 lnrltt

200 2453 246 2513 M.
292 2455 408 2535 Ergone
437 2458 531 2519 Deum
560 2457 723 2519 audebimus
755 2461 816 2518 siue
838 2457 1004 2517 difficultate
1032 2468 1114 2516 reeta
1132 2454 1194 2519 adit

24 2598 29 2615 ,
117 2548 151 2598 nt
169 2538 220 2597 filii
239 2548 373 2618 parentes
395 2543 507 2602 solent?

199 2620 236 2680 P.
282 2624 424 2683 Omnino:
459 2627 632 2704 quinetiam
653 2626 739 2684 multo
770 2626 892 2685 certiore
913 2621 1057 2685 obtinendi
1080 2620 1194 2705 quodp

117 2705 202 2763 timus
224 2704 337 2765 tiducia.
383 2708 475 2781 Nam,
505 2721 536 2769 ut
562 2710 694 2768 admonet
721 2709 879 2786 Magister,
912 2708 1029 2781 (Mattla.
1053 2710 1091 2777 7,
1115 2710 1180 2781 lt.)

117 2808 188 2859 uos,
205 2784 302 2867 ‘quum
325 2792 392 2849 mali
413 2794 520 2865 simus,
552 2814 607 2853 nou
635 2813 781 2872 pessumus
809 2803 902 2851 tamen
931 2792 997 2850 filiis
1026 2790 1131 2849 uostris
1150 2790 1194 2849 bot

116 2889 240 2949 negare,
264 2892 316 2933 nee
337 2894 387 2933 eos
405 2874 547 2936 dimittere
570 2879 667 2945 inanes
689 2879 874 2946 sustinemus,
898 2894 951 2935 uec
972 2892 1110 2932 venenum
1133 2892 1194 2953 porr

116 2956 209 3032 g'mus
231 2957 287 3015 illis
309 2978 361 3036 pro
384 2978 475 3036 pane:
507 2971 611 3039 quanto
644 2961 705 3039 plus
728 2959 931 3018 beneticentiae
960 2956 1115 3016 aeaelesti
1135 2955 1194 3025 Pan

114 3036 321 3113 expectendum
350 3053 413 3113 est,
443 3042 490 3120 qui
515 3064 572 3102 nou
599 3052 704 3104 tautum
736 3061 843 3101 summe
872 3042 961 3101 bonus
989 3052 1051 3113 est,
1082 3038 1133 3101 sed
1163 3040 1194 3122 ip

114 3120 200 3179 ιιιίιιιιι
222 3119 353 3180 bouitas?

199 3201 244 3262 Μ.
288 3204 335 3262 An
364 3227 419 3265 nen
453 3226 489 3266 ex
527 3200 582 3268 boe
610 3227 721 3287 quoque
758 3210 1094 3285 nominemrgumeutum
1118 3205 1194 3269 duee

115 3285 229 3357 licebit,
253 3306 308 3365 quo
331 3286 375 3359 id,
407 3288 480 3368 quod
502 3292 583 3351 initio
604 3291 707 3350 dietum
731 3302 793 3364 est,
824 3311 923 3370 preces
945 3292 1056 3351 seilicet
1077 3293 1194 3353 univers

113 3366 222 3431 Christi
249 3373 407 3450 patrocinio
436 3373 566 3435 laudatas
594 3395 656 3435 esse
682 3387 829 3455 oportere,
860 3376 957 3449 (Jeau.
989 3375 1047 3447 15,
1071 3378 1104 3438 7.
1133 3374 1194 3435 tto·

111 3456 144 3527 8,
167 3457 233 3523 15.)
257 3456 474 3533 comprobetur?
578 3498 589 3515 .

195 3538 232 3597 P.
277 3536 317 3595 Et
337 3537 449 3617 quidem
472 3541 671 3602 firmissimum.
715 3540 818 3620 Neque
845 3542 919 3601 enim
941 3541 1063 3600 liliorum
1086 3539 1153 3603 loeo
1172 3558 1194 3603 1

114 3619 201 3680 babet
221 3620 319 3692 Deus,
344 3625 397 3682 nisi
419 3636 557 3703 quatenus
579 3625 686 3683 Christi
707 3646 801 3683 suiuus
823 3626 959 3685 membra.

194 3704 239 3764 M.
285 3704 345 3763 Cur
362 3720 489 3767 uestrum
511 3711 603 3789 potius
620 3710 649 3768 iu
669 3728 816 3769 commuue
836 3720 943 3789 patrem
965 3709 1094 3767 nominas
1112 3705 1194 3767 Dent

111 3806 193 3866 quarn
215 3800 292 3848 trram
315 3790 516 3867 peculiariter?

193 3870 230 3930 P.
274 3871 375 3931 Potest
402 3874 513 3952 quidem
544 3876 666 3937 fidelium
697 3877 887 3955 uuusquisque
916 3896 995 3935 aarum
1017 3893 1143 3948 t'ooar03
1173 3891 1194 3934 st

111 3956 252 4013 communi
273 3956 397 4034 epitheto
420 3956 483 4018 ideo
496 3981 562 4019 usus
584 3973 628 4020 est
648 3960 799 4027 Dominus,
824 3981 880 4038 quo
902 3980 953 4018 uos
974 3956 1010 4016 ad
1030 3956 1194 4019 exercenda

110 4037 139 4094 iu
170 4039 300 4118 precibus
327 4041 492 4102 charitatem
518 4047 724 4105 assuefaceret:
752 4063 804 4116 ue,
833 4045 897 4102 eliis
926 4043 1081 4121 neglectis,
1111 4052 1191 4102 tanto

108 4139 140 4180 se
161 4124 279 4202 quisque
301 4135 393 4184 curet.

162 4206 237 4349 lep.
281 4204 358 4285 Quid
386 4208 441 4269 sibi
466 4209 527 4271 uult
546 4230 618 4291 quae
647 4210 759 4272 additur
785 4210 940 4294 particula,
971 4208 1066 4271 Deum
1094 4227 1160 4269 esso
1188 4229 1194 4265 ι

107 4306 198 4351 eorus
