2648 4928
107 306 187 383 262
452 301 644 376 consensus
670 304 894 375 Geneveusis.

110 499 167 557 tet,
188 506 241 546 nec
263 484 329 544 aiibi
353 485 529 563 tranquillam
550 501 647 562 pacem
668 502 751 563 quom
769 484 796 543 in
811 481 970 561 Evangelio
991 482 1137 549 inveniris
1159 480 1214 561 qni·

109 588 218 649 cunque
245 568 310 628 inde
339 569 383 628 vei
410 568 553 627 minimum
579 565 752 638 deflectunt,
782 567 850 625 uibii
879 586 962 645 quam
994 583 1047 644 per
1079 566 1213 625 nexuum

109 653 243 732 ambages
271 671 388 711 errare:
420 662 450 709 et
477 670 532 729 quo
563 651 682 729 quisque
708 652 736 708 in
763 648 902 729 proiunda
930 651 976 709 itta
1002 648 1093 707 diuini
1110 648 1213 709 consilii

110 736 197 817 adyta
218 734 406 794 coniidentius
427 736 585 814 irrumpere
605 743 633 792 et
660 742 813 812 penetrare
833 743 971 804 conatur,
999 750 1037 791 eo
1070 732 1213 810 longius

110 817 176 880 Deo
198 816 345 878 uocemue.
397 816 478 893 Ergo
507 816 573 894 quin
604 835 657 895 per
676 813 742 875 fidei
764 817 836 875 riam
858 814 1055 875 ambolandum
1077 816 1133 887 sit,
1163 796 1213 875 riou

112 922 197 982 nego.
242 900 327 960 Unde
352 911 382 960 et
410 900 529 959 alterum
553 899 620 957 iiiud
642 899 807 971 conficitur,
831 894 949 985 Deunq,
977 918 1050 978 quae
1072 899 1212 959 eiectisio

111 986 257 1067 praesenti
277 985 335 1043 uita
358 983 511 1043 contulerit
524 981 647 1060 Spiritus
668 983 712 1041 sni
736 981 824 1054 dona,
848 992 976 1042 extremo
996 980 1045 1041 dio
1068 992 1213 1043 commta.

112 1090 182 1130 rum.
226 1066 379 1128 Caeterum
401 1065 431 1126 id
452 1087 508 1125 nou
526 1066 636 1137 obstat,
658 1068 805 1143 quominus
824 1066 958 1126 caelestis
971 1063 1076 1137 Pater,
1098 1065 1211 1144 quoni·

112 1142 231 1212 Christo
253 1151 359 1227 elegit,
390 1150 418 1208 iu
441 1151 502 1209 eius
529 1168 632 1227 corpus
654 1149 708 1208 fide
731 1160 760 1208 et
782 1149 905 1229 Spiritus
927 1149 1154 1209 sanctificatione
1174 1148 1213 1209 i!-

112 1245 208 1305 serat,
243 1235 391 1311 quominus
419 1244 485 1292 ante
511 1231 653 1291 conditum
681 1232 810 1292 mundum
841 1232 1066 1310 praedestinatos
1094 1243 1213 1312 tenpore

112 1338 164 1378 suo
184 1326 267 1378 vocet
288 1336 322 1376 ae
344 1317 489 1378 iustificet.
534 1315 629 1394 Atque
652 1327 800 1393 utrumque
815 1315 920 1376 Paulus
935 1317 1042 1395 optime
1062 1316 1213 1393 coniungit.

113 1402 178 1473 ubi,
209 1401 302 1459 omnia
330 1398 433 1460 cedere
464 1402 492 1458 in
520 1398 621 1457 bonum
643 1397 824 1477 diligentibus
846 1399 938 1459 Deum
961 1400 1127 1478 praefatus,
1156 1416 1213 1461 ux

112 1483 208 1545 addit:
232 1483 289 1557 Qui
311 1483 462 1542 secundom
481 1485 654 1562 propositum
675 1485 767 1541 uocati
784 1493 861 1542 suut.
906 1483 988 1543 ilaec
1002 1484 1090 1560 igitur
1105 1484 1149 1542 via
1160 1490 1210 1553 oe

113 1587 167 1647 quo
180 1586 248 1626 suns
261 1567 400 1644 gubernat
416 1566 515 1638 Deus;
539 1568 709 1638 baesrode,
733 1586 786 1645 qna
801 1586 872 1644 opus
892 1568 920 1627 in
943 1566 998 1625 iilis
1017 1567 1130 1643 gratiae
1151 1582 1213 1629 m

113 1651 243 1710 absolvit.
295 1647 354 1710 Sed
382 1670 433 1709 cur
453 1669 563 1709 manum
590 1669 687 1707 eorum
709 1648 917 1728 apprehendat,
947 1649 1003 1708 aiia
1025 1660 1072 1708 est
1092 1648 1213 1728 superitt'-

113 1753 217 1793 causa:
240 1734 413 1811 propositum
434 1735 543 1792 scilicet
563 1730 642 1802 iliud,
666 1753 719 1810 quo
735 1752 785 1792 eos
798 1731 948 1792 destinarit
961 1731 996 1791 ad
1014 1733 1111 1793 uitam.
1154 1731 1212 1807 Qu

113 1819 203 1895 magis
226 1816 344 1875 ridicula
370 1827 415 1876 est
434 1816 531 1894 Pigbii
556 1814 741 1894 impudentia,
772 1815 836 1874 dom
865 1816 1057 1876 testimonium
1083 1816 1138 1877 sibi
1160 1826 1208 1875 tn

113 1898 263 1959 uuiversum
297 1901 458 1979 procaciter
487 1911 580 1958 tannen
614 1900 641 1956 in
676 1919 754 1958 suum
785 1920 864 1957 usum
891 1911 990 1978 aptare
1017 1920 1075 1959 non
1102 1898 1206 1959 tutior.

112 1982 276 2043 Notandum
301 2002 366 2042 csse
389 1984 416 2040 in
441 1984 540 2061 primis
560 1981 707 2049 admonet,
733 1982 814 2060 (Lib.
835 1992 865 2044 8.
889 2002 952 2061 cap.
971 1992 1003 2045 2.
1026 1984 1058 2042 in
1077 1984 1145 2061 bne)
1160 2000 1206 2043 nn

113 2065 190 2137 dici,
220 2063 333 2126 Cedere
356 2068 448 2125 omnia
469 2067 497 2124 in
522 2066 622 2123 iiouum
646 2067 745 2124 electis
772 2064 816 2124 rel
839 2066 966 2125 dilectis:
999 2063 1050 2126 sed
1083 2064 1204 2127 diretta!

113 2151 208 2229 potius
230 2168 343 2208 eausam
366 2149 474 2220 notari,
499 2148 573 2227 qnod
591 2148 686 2208 Derim
705 2148 834 2227 diligant.
880 2150 968 2224 Quasi
991 2169 1062 2209 rere
1083 2170 1135 2210 nou
1150 2145 1203 2207 idn

114 2230 178 2292 data
201 2253 288 2311 opera
309 2230 402 2290 addita
426 2253 442 2291 a
465 2232 554 2291 Puoio
577 2233 664 2291 fuerit
686 2233 848 2303 eorrectio,
879 2254 913 2293 ne
934 2234 997 2312 quis
1019 2232 1137 2297 fideiinn
1152 2246 1200 2291 nt·

114 2317 170 2376 rito
191 2315 340 2387 tribuerit,
370 2314 443 2394 quod
466 2317 520 2374 iilis
542 2314 623 2377 Deus
646 2317 740 2375 omnia
762 2317 791 2374 in
816 2316 916 2375 isonium
943 2317 1039 2376 uertit.
1096 2312 1201 2394 Qudne

113 2398 231 2459 affectos
253 2416 320 2457 esso
342 2395 575 2470 deceatbdeies,
607 2400 725 2477 primum
753 2398 888 2458 ostendit.
937 2400 1033 2478 Atque
1061 2400 1116 2459 boe
1135 2414 1201 2457 unu·

113 2482 199 2542 tionis
220 2494 263 2541 est
281 2485 435 2560 proprium.
481 2481 540 2541 Sed
563 2501 598 2540 ne
624 2485 650 2540 iu
674 2484 776 2560 seipsis
791 2483 937 2553 haereant,
958 2484 1060 2542 salutis
1073 2484 1201 2542 bonon!-

114 2585 168 2644 que
203 2567 325 2623 onmium
355 2568 462 2624 initium
494 2586 528 2624 ex
556 2567 647 2624 aitiori
679 2568 756 2623 sorite
784 2587 896 2624 rumare
923 2567 1025 2637 doect,
1058 2568 1122 2646 quia
1142 2564 1201 2643 pritt

114 2649 199 2708 eiecti
237 2649 360 2708 buerant.
418 2649 502 2707 diune
531 2669 641 2727 quoque
667 2648 768 2708 uodmu
794 2650 912 2725 Pighius
944 2650 1064 2708 iucaudo
1092 2646 1200 2727 etpedit:

115 2731 187 2811 qnod
212 2730 292 2790 Deus
314 2731 349 2790 ad
372 2737 550 2792 sanctitatem
574 2752 671 2790 omnes
693 2744 785 2791 roect.
837 2735 925 2805 Quasi
947 2754 1014 2791 nero
1038 2755 1093 2792 non
1115 2732 1201 2790 diserte

39 2872 46 2885 ,
114 2815 258 2894 l'ropositi
290 2817 402 2874 nomine
433 2817 531 2874 eiiiean
563 2818 672 2873 noentiu
702 2817 922 2874 commendetur.
986 2818 1098 2889 Quibus
1128 2824 1201 2873 aute!

115 2900 277 2978 praestigiis
298 2910 353 2957 tam
378 2898 480 2957 densas
503 2900 633 2958 tenebras
655 2899 798 2969 offundet,
825 2911 854 2956 ut
881 2902 1039 2959 sordentiae
1058 2902 1137 2959 iunius
1154 2913 1202 2976 pet·

116 2984 250 3060 spicnitas
280 2983 436 3041 obruatur?
486 2981 584 3055 Deus,
615 3002 684 3059 epiros
713 2985 819 3059 elegit,
861 2984 1012 3055 iustitieat,
1052 2996 1082 3042 nt
1111 2980 1202 3041 tande!

115 3067 264 3143 glorificet.
316 3065 503 3136 Quarutumvis
525 3085 585 3121 cam
610 3066 736 3139 deiceret,
764 3087 899 3143 nunqnam
931 3078 1023 3126 tmuon
1044 3068 1161 3136 efficiet,
1182 3070 1204 3117 ti

116 3169 148 3206 se
170 3147 205 3205 ad
227 3167 326 3205 onrrrcs
347 3147 490 3205 extendat.
537 3148 611 3205 iiiuc
633 3161 772 3226 apparet,
798 3170 877 3227 optram
899 3153 983 3208 stulte
1007 3153 1203 3214 ratiocinemur,

116 3232 163 3311 qui
185 3230 249 3289 iidci
272 3231 462 3309 bonorumque
484 3250 599 3308 operum
624 3244 773 3308 praetentu
794 3235 960 3291 eiectionem
982 3235 1202 3293 subverterentu-

116 3315 238 3384 liuntur,
263 3324 294 3370 ut
316 3315 388 3383 iiiia,
413 3316 486 3372 sieut
507 3314 589 3391 reigo
612 3314 778 3391 loquuntur,
809 3328 924 3375 trrattrem
949 3316 1078 3377 devoret.
1120 3315 1204 3375 Exue-

116 3417 189 3455 mum
211 3396 357 3473 suffugium
381 3396 483 3472 Pighio
506 3408 567 3466 est,
598 3397 689 3455 Deum
718 3402 829 3458 nonnisi
854 3421 922 3478 ‹prrus
948 3402 1101 3477 praescivit
1120 3399 1154 3458 ad
1171 3414 1203 3455 sa·

116 3480 202 3538 lutetn
226 3477 472 3557 praedestinasse:
503 3478 576 3558 quod
604 3483 656 3538 inm
686 3483 740 3540 iliis
765 3487 841 3560 prius
871 3505 951 3541 unte
970 3487 1141 3543 obstructum
1161 3488 1205 3545 ed,

117 3584 199 3643 quum
223 3565 284 3621 lieri
307 3584 361 3621 non
383 3582 466 3639 posse
490 3562 619 3633 ostendi,
643 3574 673 3622 ut
695 3569 841 3644 quicquum
865 3567 937 3624 aiiud
962 3570 988 3625 iu
1009 3570 1122 3626 homine
1142 3580 1205 3645 prat·

119 3645 230 3713 rident,
264 3647 317 3704 nisi
339 3648 425 3704 exitio
448 3645 583 3723 dignum:
613 3646 702 3706 donec
732 3670 794 3708 eom
817 3652 877 3727 ipsc
898 3652 1005 3727 Spiritu
1029 3671 1081 3711 suo
1104 3653 1206 3709 redunt·

117 3730 165 3790 rit.
210 3728 284 3786 Num
308 3732 333 3788 si
356 3730 424 3788 nihii
443 3730 528 3788 inritet
551 3733 686 3809 quispiam
710 3733 783 3811 ‹prrod
807 3755 860 3791 nou
886 3737 1045 3811 acceperit:
1068 3733 1133 3814 quid
1152 3732 1207 3792 alim

118 3814 173 3872 aiio
195 3814 257 3891 p'us
279 3814 378 3873 aderet
398 3814 424 3870 in
444 3813 500 3872 boi
522 3827 715 3891 conspectum,
739 3839 792 3894 quo
815 3819 955 3874 exceliat?
986 3818 1210 3889 Prneseiiiterg·

119 3894 297 3967 seusticus,
321 3917 375 3954 non
397 3907 426 3954 ut
448 3917 483 3955 en·
506 3900 612 3956 riseritis
635 3902 816 3965 aretinarum
841 3901 891 3957 sed
915 3904 977 3978 quia
1003 3922 1086 3960 nemo
1106 3902 1141 3961 ab
1161 3898 1211 3958 rtis

119 3978 309 4050 discernitur,
329 3981 383 4037 nisi
406 3981 432 4036 in
454 4002 533 4059 eptem
558 3982 695 4058 benignos
718 3996 746 4041 ct
771 3985 905 4061 propitius
926 3986 1022 4042 incurios
1038 3986 1171 4053 coniecit,
1189 3986 1210 4037 ti

119 4063 182 4121 btiis
212 4064 269 4119 suis
299 4064 450 4140 ‹prrandibet
471 4065 611 4141 indiguum
637 4068 818 4124 adnumeret:
855 4067 1005 4125 sumundum
1040 4068 1109 4127 ittmt
1132 4062 1211 4131 itaut,

120 4147 288 4219 Quisnam
315 4157 343 4205 tc
365 4146 521 4204 disceruit?
564 4148 603 4205 m
625 4148 726 4224 l'igbio
748 4152 876 4225 grutuitn'
899 4154 1113 4228 praecognitio,
1145 4165 1212 4230 quan

122 4231 182 4308 ipsc
206 4228 305 4287 nitidam
327 4231 466 4308 appellnt,
489 4229 600 4289 ridetur
618 4234 691 4289 ntriin
712 4254 788 4292 esse.
834 4235 943 4305 Qniims
965 4223 1035 4312 erpo
1057 4237 1156 4313 plumis
1175 4232 1213 4293 be

123 4313 224 4371 oninium
246 4314 374 4386 ornabit,
403 4336 437 4373 ue
462 4334 556 4374 cotum
580 4314 643 4375 Deo
666 4315 755 4375 nudos
784 4328 812 4376 ct
834 4319 907 4377 omni
932 4341 967 4379 cn
989 4330 1071 4399 parte
1094 4315 1213 4379 deserui·-
