2648 4928
305 246 314 255 ’
381 286 827 361 commonacum
1090 290 1165 369 ιιι

77 470 242 551 gadim
260 486 283 531 a
302 464 387 531 nobis
408 464 573 549 disiungat,
607 465 736 548 adeoque
755 469 865 529 erroris
885 469 931 532 sui
952 471 1169 554 sonegium-

77 564 178 617 Μ.
220 550 302 615 Nan
330 553 361 613 in
387 554 523 614 continua
548 550 748 632 disputationis
775 555 854 616 scrin
880 552 965 623 luins
994 558 1086 620 sancti
1111 560 1168 623 riri

77 636 222 699 ιιὶιοιὶἰι
238 634 363 699 subinde
382 633 518 697 utendum
538 638 609 697 aritt

127 718 221 783 Nus
244 718 323 803 quod
349 722 533 801 praecipuum
554 729 618 791 est,
656 738 785 798 agamus,
808 720 878 780 nihil
900 720 953 781 hac
974 719 1011 783 dc
1032 742 1065 784 rc
1083 743 1102 785 a
1122 744 1171 787 tna

77 800 215 877 odim,
233 806 292 867 uisi
311 802 387 885 quod
408 802 493 865 Dens
505 803 674 884 Scripturas
695 804 819 864 oraculis
838 804 919 865 nobis
940 806 1068 866 omuibus
1089 807 1169 871 claro

77 898 151 949 etat.
199 886 282 963 Quot
309 908 347 949 ex
373 898 493 949 aelerna
523 886 581 949 Dei
610 887 751 948 eloctione
778 886 901 967 pendent
927 890 1005 949 salus
1031 889 1167 966 fidelium,

77 973 131 1033 iius
150 972 229 1033 nulla
248 983 367 1054 praeter
392 973 544 1051 gratuitum
573 971 635 1031 eius
662 970 868 1050 beneplacitum
889 992 975 1033 causa
999 972 1080 1034 rcddi
1104 986 1169 1053 pot·

77 1068 109 1129 t,
138 1054 253 1123 diserta
278 1065 347 1118 suut
365 1053 451 1117 Pauli
470 1055 559 1117 verba
579 1055 670 1133 primu
699 1054 733 1114 ad
755 1053 864 1134 Eplses.
888 1075 952 1136 cap.
977 1056 1167 1133 Benedictus,

77 1140 155 1221 quit,
182 1138 294 1213 Dens,
321 1139 371 1219 qui
400 1160 454 1200 noa
484 1136 631 1200 lenedinit
659 1138 689 1197 iu
717 1137 853 1199 Christo:
883 1140 968 1202 sicuti
996 1160 1049 1201 nos
1078 1143 1108 1202 in
1129 1161 1167 1205 eu

77 1232 174 1303 igeret
199 1234 272 1285 anta
304 1220 401 1284 nundi
423 1225 616 1285 creationem.
666 1220 763 1282 Audio
790 1220 858 1301 quid
888 1226 999 1301 garriat
1025 1224 1166 1304 Pighiusr

77 1318 175 1371 cetu
194 1326 269 1369 aare
288 1306 319 1369 in
342 1304 461 1368 Christo
481 1326 573 1387 genus
596 1306 768 1379 humanum,
793 1315 824 1364 ut
844 1307 1005 1387 quicunque
1024 1327 1088 1368 eum
1110 1307 1170 1371 lida

77 1392 166 1473 rplui
196 1392 329 1463 luerim,
363 1390 482 1451 salutem
515 1401 735 1470 consequantur.
784 1387 844 1448 Sed
873 1392 902 1449 iu
930 1390 985 1451 ltoc
1011 1404 1171 1453 commento

77 1494 116 1537 aa
139 1485 214 1535 snt
242 1492 361 1536 meana
392 1474 645 1545 hallucinationes,
688 1492 758 1552 quas
786 1471 870 1533 Pauli
902 1474 999 1535 verbis
1034 1476 1172 1539 relellcro

77 1570 204 1639 nuptum
223 1568 282 1619 est.
324 1558 399 1619 Nam
422 1559 513 1639 primo
534 1568 614 1618 certe
633 1558 710 1617 inter
729 1558 839 1617 electos
864 1568 894 1617 et
914 1558 1052 1637 reprobos
1074 1564 1171 1621 nrutu'a

77 1642 235 1703 trslntioa
258 1650 292 1703 nt
311 1652 390 1703 staro
408 1642 523 1714 electio,
547 1640 585 1702 do
606 1661 660 1721 qua
681 1641 817 1721 loquitur,
839 1651 982 1721 nequeat,
1005 1644 1061 1702 nisi
1080 1644 1174 1705 latua·

77 1744 108 1787 Ι
124 1724 226 1787 ttsu
247 1736 347 1787 certos
365 1726 514 1796 domines,
546 1743 617 1804 quos
640 1726 680 1785 illi
702 1727 793 1785 risum
817 1734 880 1796 est,
913 1725 949 1785 uls
977 1723 1043 1787 aliis
1070 1744 1173 1807 segre·

77 1826 148 1871 tans.
190 1806 281 1885 Quod
301 1810 393 1891 ipsum
413 1806 651 1870 Praedcstinandi
672 1809 781 1880 uerbo,
805 1806 879 1889 quod
899 1807 945 1868 luis
966 1820 1066 1889 postea
1087 1829 1172 1890 repe·

77 1902 108 1965 t,
127 1894 306 1973 emititur.
350 1892 485 1966 Adhnec,
509 1912 559 1952 cos
580 1891 653 1953 dicit
678 1894 804 1966 electus,
831 1892 879 1971 qui
911 1892 969 1954 lide
997 1894 1076 1953 insiti
1103 1904 1172 1954 suut

77 1996 84 2035 ι
104 1970 211 2037 ffiti
230 1995 357 2057 corpus:
385 1974 459 2057 qood
480 1976 610 2036 ornuilsus
633 1995 807 2056 nequaquam
834 1994 984 2038 commune
1005 1996 1089 2049 esse,
1121 1996 1172 2056 pa·

77 2078 110 2119 Ι
129 2070 183 2123 stt.
225 2058 313 2121 Solos
333 2062 429 2141 itaque
450 2080 502 2121 eoa
528 2059 679 2139 designat:
702 2080 774 2140 quos
795 2060 946 2121 vocatione
968 2079 1018 2121 sna
1034 2057 1172 2140 dignatur

77 2140 207 2217 dsistas,
231 2154 380 2225 postquam
408 2144 448 2203 illi
477 2164 495 2204 a
524 2143 611 2203 Patra
638 2143 696 2203 dati
723 2153 800 2204 suut.
843 2141 945 2203 Fidem
973 2163 1043 2204 roro
1072 2145 1172 2223 lacere

77 2224 204 2289 helissia
223 2246 360 2297 nusum,
388 2229 473 2288 nimis
494 2226 646 2287 absurdu-
674 2236 721 2288 ast
742 2238 827 2307 utque
848 2245 865 2286 s
888 2225 969 2287 Pauli
992 2227 1089 2289 vorbis
1109 2226 1172 2289 dis·

77 2322 229 2373 m.
274 2310 380 2392 Neque
407 2312 501 2383 enim,
532 2309 605 2389 quod
628 2310 784 2390 prudeuler
809 2309 1010 2371 animaduertit
1029 2310 1170 2391 Augusti-

77 2412 129 2465 11,
152 2392 249 2473 (llum
272 2392 309 2455 do
332 2393 474 2475 praedest.
498 2405 590 2457 sanct.
622 2414 686 2474 cap.
711 2403 762 2458 17.
790 2402 840 2457 18.
865 2397 936 2474 19.)
965 2394 1075 2455 clectos
1101 2412 1170 2454 esse

77 2478 234 2552 mnr'at,
256 2480 326 2559 quia
346 2477 482 2539 credituri
505 2487 620 2549 essent,
649 2477 700 2538 sed
722 2489 759 2538 ut·
773 2476 945 2539 crederetur
974 2498 1031 2538 nou
1058 2477 1170 2537 electos

77 2560 126 2621 icit
142 2582 211 2641 quos
231 2560 315 2622 Deus
339 2561 519 2641 praeviderat
540 2563 603 2621 iore
627 2572 741 2621 sanctos
769 2576 798 2621 et
824 2562 1036 2632 immaculatus,
1064 2559 1114 2619 scd
1138 2571 1170 2618 ut

77 2642 125 2705 des
142 2648 257 2708 fierent.
303 2646 397 2705 ltcmc
426 2646 580 2724 Nonquia
603 2644 795 2716 credidimus,
823 2646 884 2724 ipse
908 2664 960 2703 nos
980 2645 1088 2722 clegit,
1118 2641 1172 2703 scd

77 2739 158 2791 tm
179 2729 346 2791 credamus:
374 2746 410 2789 ne
432 2732 543 2808 priores
564 2728 708 2789 uideamur
736 2731 826 2806 ipsum
850 2729 987 2807 elegisse.
1031 2727 1168 2787 Fructum

77 2812 163 2875 iriaae
189 2814 342 2874 electionis
369 2826 398 2873 et
425 2814 556 2873 ellectum
584 2812 691 2871 Paulus
720 2830 785 2871 csse
815 2811 936 2883 clamat,
973 2809 1046 2888 quod
1077 2810 1170 2869 sancti

77 2914 120 2957 tac
139 2898 302 2976 incipimus.
347 2896 428 2975 Ergo
450 2899 533 2955 nimis
553 2905 739 2975 praepostere
762 2895 882 2967 iaciunt,
908 2895 954 2973 qui
970 2892 1037 2954 niet
1052 2894 1172 2952 electio-

77 3000 119 3039 ιι
144 2981 311 3041 subiiciunt.
354 2979 470 3040 Deinde
497 3001 580 3060 quum
605 2981 718 3049 unicam
740 2979 892 3039 electionis
915 2997 1029 3037 causam
1052 2986 1169 3048 statuat,

77 3063 359 3143 retemptatum,
382 3064 454 3143 qnod
477 3063 575 3123 habuit
599 3065 626 3122 iu
649 3065 757 3142 seipso,
781 3063 852 3121 olias
875 3081 973 3121 omnes
995 3080 1096 3120 causas
1118 3078 1171 3119 ex·

77 3144 153 3211 ludit.
196 3148 268 3208 ldco
296 3159 377 3207 rcctc
409 3149 585 3224 Augustinus
613 3166 664 3205 nos
694 3148 759 3206 illuc
791 3147 921 3206 reuocari
950 3143 1105 3216 admonet,
1135 3162 1173 3202 ne

77 3232 157 3291 brito
173 3232 331 3311 gloriemur
352 3232 502 3291 uoluntatis
523 3242 650 3290 nostrae.
694 3230 830 3310 Sequitur
847 3229 921 3309 apud
938 3229 1075 3287 Paulum:
1101 3226 1171 3286 Gra·

77 3316 102 3373 ia
119 3334 168 3373 sua
185 3314 279 3375 Deum
300 3316 328 3373 in
349 3335 400 3374 nos
422 3314 581 3374 exundasse
606 3315 635 3372 iu
661 3316 737 3373 nunni
760 3312 929 3393 prudentia,
959 3313 1101 3391 patefacto
1124 3329 1175 3368 no·

77 3398 223 3459 mmo
245 3399 398 3458 voluntatis
420 3419 488 3458 suae
511 3396 665 3458 secundum
687 3397 893 3476 heneplacitum
922 3395 994 3473 qnod
1023 3395 1051 3452 in
1076 3395 1173 3472 seipso

77 3494 253 3560 reposuerat.
297 3482 391 3541 Audis
420 3483 633 3541 illuminationis
665 3483 784 3561 gratiam
811 3482 892 3560 quasi
921 3481 1009 3537 risum
1043 3496 1108 3535 csso
1138 3493 1175 3535 ex

77 3564 138 3625 bale
156 3567 267 3627 aeterni
294 3568 371 3626 illius
401 3566 512 3625 consilii
531 3568 680 3637 liuentem,
709 3563 784 3645 quod
805 3575 871 3623 aute
894 3560 1089 3621 absconditum
1113 3560 1175 3616 luc·

77 3658 119 3707 tut.
154 3648 277 3711 Multum
309 3670 379 3728 ergo
408 3650 510 3721 abest,
544 3650 609 3728 quin
632 3649 712 3708 Deus
736 3651 763 3707 in
787 3647 868 3706 nobis
891 3643 1029 3722 eligendis
1053 3642 1174 3722 aliquem

77 3730 129 3791 ttet
144 3747 304 3814 respectum
326 3734 478 3807 habuerit,
508 3753 580 3813 quac
603 3734 678 3792 nulla
700 3751 764 3792 csse
788 3740 922 3808 poterat,
948 3729 1003 3786 nisi
1023 3744 1085 3784 enm
1108 3721 1176 3781 ado·

77 3815 162 3891 planis
180 3838 251 3879 suae
272 3821 364 3896 gratia
380 3818 460 3875 nobis
482 3816 666 3876 destinasset.
712 3814 752 3873 Et
771 3814 877 3872 Panlns
894 3814 996 3870 iterum
1014 3808 1176 3875 confirmat,

77 3918 122 3957 uun
140 3901 248 3962 aliunde
271 3901 415 3962 inductum
440 3903 528 3960 luisse
546 3901 660 3961 Deum:
685 3897 734 3957 scd
754 3899 843 3975 ipsum
856 3896 910 3953 sibi
924 3895 1014 3952 inisse
1027 3900 1175 3950 auctorem

77 3994 97 4041 rt
121 4002 248 4060 mun,
280 4007 332 4046 cur
361 3985 481 4045 nondum
513 3998 627 4043 creatos
658 3984 780 4059 eligeret
801 3980 901 4058 quibus
922 3987 1020 4057 postca
1041 3985 1071 4032 et
1092 3970 1177 4030 tidem

77 4068 220 4131 notemus
255 4068 419 4128 Secundum
450 4072 623 4148 propositum
652 4069 730 4135 cius,
761 4064 868 4142 inquit,
896 4063 943 4140 qui
972 4058 1065 4117 omnia
1091 4053 1179 4148 efficit

77 4152 208 4216 sendum
232 4155 384 4214 consilium
402 4154 557 4213 voluntatis
582 4172 660 4212 suae.
707 4149 780 4222 Quis
803 4157 948 4207 aeteruum
971 4141 1027 4200 Dei
1049 4155 1180 4216 propost-

77 4260 114 4299 ιιι
140 4252 243 4300 nostru
274 4241 380 4318 opponi
409 4259 464 4297 uon
490 4236 607 4297 videnti
651 4232 735 4310 Quod
763 4232 848 4291 etiarn
874 4229 910 4288 ab
936 4223 1098 4301 Augustino
1123 4219 1179 4277 tile

77 4344 213 4403 spensun
233 4334 297 4385 cst:
321 4324 481 4403 quinoque
505 4322 578 4384 adco
599 4322 693 4383 Deum
715 4317 830 4398 operari
847 4312 942 4374 omnia
962 4310 1179 4386 interpretatur,
