2648 4928
184 315 267 411 (inp.
293 320 359 389 ΠΙ.
385 326 423 389 et
444 319 507 386 IV·
555 319 611 388 De
636 323 868 394 conversionis
890 292 1009 394 terralo.⁸
1047 322 1148 416 ,713

93 497 143 560 ries
172 510 202 560 et
234 508 369 560 aeternas
404 514 511 576 poenos
541 494 772 577 promerendo.“
833 501 1040 565 Contrcrlicont
1070 507 1147 567 enim

93 582 189 656 ostolo,
211 580 316 642 dicenti
332 580 417 642 Rom.
438 579 486 654 V,
512 600 592 642 vers.
618 591 673 644 12:
703 587 761 644 Per
780 603 865 647 rtnnrn
887 589 1025 648 hominem
1043 608 1148 669 pecca·

117 669 148 728 r‘n
170 668 301 729 mnndum
323 666 447 737 noento,
470 672 506 725 tc
521 684 579 744 per
596 677 746 745 peccatum
766 662 861 742 orori,
890 680 922 730 ct
938 673 982 731 ita
1002 673 1033 732 in
1052 693 1156 737 omnes
1265 728 1269 739 ,

93 751 164 813 unu
180 768 258 811 rnars
277 750 406 825 transiit,
428 749 458 808 in
479 768 535 829 quo
563 767 659 810 ornnes
676 762 880 828 peccaverunt.
920 751 961 814 Et
990 773 1067 819 vers.
1089 764 1146 820 lli:

93 838 145 897 bt
170 854 210 894 en
235 852 291 894 nno
321 833 437 893 introiit
462 833 503 891 ari
528 832 800 898 condemnationem.
847 835 947 910 item,
975 836 1064 902 Rom.
1093 839 1147 914 Vl,

93 955 110 980 ·.
138 925 200 981 ππ
219 919 341 979 Peccati
356 915 528 996 stipendium
549 933 627 976 mors
646 924 700 978 est.

567 1080 606 1142 11.

115 1197 175 1276 Qui
197 1197 317 1262 docent:
340 1196 454 1272 „Dono
476 1198 643 1278 spiritualia,
666 1198 728 1260 sive
748 1197 860 1261 inolitus
880 1199 981 1277 bonos,
1008 1211 1040 1265 et
1057 1195 1149 1266 virtu-

93 1299 119 1356 t,
147 1293 180 1345 ut
200 1294 266 1344 sunt
292 1283 427 1355 bonitus,
458 1283 612 1355 sanctitas,
636 1282 761 1356 iustitia,
788 1283 818 1344 in
843 1284 987 1347 voluntate
1012 1286 1147 1362 hominis,

93 1383 127 1427 Ι
147 1368 268 1447 primurn
289 1375 449 1438 crearetur,
472 1364 563 1426 locum
586 1365 693 1426 habere
713 1384 770 1427 non
797 1364 946 1447 potuisse,
974 1390 1009 1432 no
1028 1370 1148 1452 proinde

93 1460 117 1510 Β
142 1450 175 1510 in
202 1451 282 1531 lepsu
309 1449 345 1510 nlr
375 1468 409 1511 cn
437 1450 606 1529 sepornri.“
646 1447 857 1528 Pugnolcnim
879 1451 1017 1513 boccum
1039 1452 1150 1517 descri-

93 1550 130 1594 ιο
149 1533 282 1613 imaginis
302 1532 372 1607 Dei,
394 1551 477 1615 quern
499 1531 654 1613 Apostolus
677 1533 756 1612 ponit
776 1529 891 1614 Epiros.
914 1534 968 1609 Ν,
991 1556 1070 1602 vers.
1093 1546 1147 1603 2⁴.
1192 1549 1197 1565 ”

96 1615 181 1677 illurn
201 1615 338 1678 describit
359 1636 397 1677 cr
417 1616 525 1676 iustitio
550 1627 582 1677 et
599 1616 768 1691 unctiute,
794 1634 875 1699 queo·
896 1620 1012 1683 omnino
1040 1622 1071 1684 in
1098 1643 1149 1685 vo·

93 1709 139 1761 nte
160 1701 252 1762 locum
273 1700 388 1762 habent.
795 1742 797 1746 -

563 1835 618 1898 ΙΙΙ.

116 1953 173 2029 Qui
196 1951 319 2015 docent:
344 1952 454 2026 „Dona
476 1953 634 2033 spiritualis
652 1972 711 2014 non
737 1971 804 2027 esse
833 1946 864 2014 in
889 1965 981 2017 morte
1010 1958 1149 2038 spirituali

119 2036 241 2098 hominis
262 2037 405 2097 voluntate
425 2047 557 2116 soporato
568 2079 579 2109 ,
607 2056 672 2097 cnm
693 2056 728 2098 ea
747 2038 779 2098 in
800 2056 866 2098 sose
886 2059 1028 2119 nunquam
1049 2061 1149 2103 corru-
1217 2088 1223 2109 ,

93 2135 112 2180 Ι
130 2121 229 2195 inerit,
251 2119 304 2180 sei
326 2131 431 2181 tuntum
454 2138 507 2200 per
526 2119 660 2181 tenebris
682 2121 797 2192 mentis,
818 2130 849 2182 et
870 2122 1020 2185 aaecruu·
1041 2123 1150 2185 inorrli·

93 2204 206 2266 tionem
226 2203 377 2283 impedite3
403 2204 504 2283 quibus
524 2201 731 2282 impedimentis
760 2201 897 2276 sublatis,
925 2206 1043 2267 liberem
1068 2228 1149 2269 sunm

93 2287 224 2351 erineo
243 2289 299 2348 sibi
321 2289 435 2349 insitum
454 2304 588 2360 exerere,
612 2285 641 2344 id
662 2295 719 2358 est,
741 2285 858 2364 quodvis
879 2287 983 2349 bonum
1006 2290 1062 2351 sibi
1082 2312 1150 2371 pro·

93 2372 196 2446 situm,
218 2391 256 2433 cx
276 2390 323 2443 se,
345 2371 499 2449 noirello,
520 2371 582 2431 sire
603 2370 726 2448 eligere,
748 2381 875 2431 autnon
896 2372 981 2445 velle,
1005 2375 1069 2434 sive
1091 2395 1149 2435 uon

93 2456 172 2535 igere
191 2455 323 2536 possit.“
365 2453 477 2515 Novum
501 2454 555 2513 hoc
583 2464 614 2514 et
645 2470 795 2514 erroneum
820 2465 887 2526 est,
914 2465 1000 2536 etque
1021 2475 1058 2518 eo
1079 2458 1151 2519 iecit

93 2539 256 2600 molientur
275 2540 351 2600 vires
372 2538 455 2599 liberi
477 2536 606 2609 arbitrii,
635 2546 736 2596 conus
759 2536 900 2598 ieremise
929 2538 1085 2619 prophetes
1106 2538 1150 2601 oi·

93 2639 126 2697 n,
145 2642 172 2688 c.
185 2622 287 2696 xvlt,
309 2642 388 2683 vers.
404 2630 443 2685 9:
468 2623 694 2683 Fraudulenturn
708 2630 754 2680 est
770 2640 823 2681 cor
843 2624 934 2700 rposnrn
948 2643 1038 2702 supra
1054 2629 1150 2686 omnia

93 2723 265 2769 murrum:
299 2718 330 2766 et
354 2706 504 2787 Apostoli,
534 2702 645 2784 Epiros.
665 2703 711 2782 11,
739 2711 775 2767 3:
804 2707 887 2765 Inter
914 2726 985 2785 quos
1006 2706 1151 2782 (homines

93 2793 231 2866 moces)
252 2803 281 2851 ct
301 2811 355 2851 nor
376 2811 474 2851 ornnes
495 2791 659 2850 conversati
677 2806 774 2847 montes
795 2790 861 2849 olim
885 2791 931 2848 in·
945 2791 1151 2868 enpriir'tatibus

93 2875 135 2937 nt's
153 2887 283 2947 nostroe,
297 2875 447 2957 foetentes
468 2876 629 2935 voluntates
655 2873 753 2932 carnos
773 2890 810 2932 ae
828 2875 1045 2951 cogitationem.

567 3038 619 3097 lV.
745 3082 750 3091 .

117 3158 176 3232 Qui
202 3157 320 3220 docent:
352 3158 530 3231 „Hominem
559 3154 745 3233 irregeniluor
770 3174 826 3213 non
855 3172 921 3214 csse
949 3157 1063 3234 proprie
1096 3177 1150 3218 nec

93 3245 189 3303 taliter
210 3244 239 3302 io
257 3245 382 3322 peccatis
404 3253 561 3312 nonnum,
590 3250 640 3298 urrt
659 3238 789 3296 omnibns
821 3236 857 3297 orl
879 3237 982 3297 honum
1005 3242 1150 3320 spirituale

93 3328 173 3387 ribus
196 3324 377 3398 destitutum,
408 3324 460 3385 seri
487 3343 571 3403 posse
592 3322 727 3381 iustitium
752 3321 797 3381 rel
818 3324 904 3380 vitam
927 3323 1037 3383 esurire
1058 3344 1093 3383 nc
1112 3327 1151 3383 si·

93 3428 133 3484 re,
152 3411 378 3489 sacrificiumque
400 3409 525 3487 Spiritus
558 3406 686 3477 contriti,
715 3415 744 3465 et
763 3405 965 3477 contribulati,
989 3405 1063 3484 quod
1085 3406 1151 3467 Deo

93 3505 211 3573 rceptunr
233 3507 290 3566 est,
313 3494 457 3555 ollerre.“
494 3489 693 3551 Adversuutur
713 3489 788 3549 enim
810 3488 881 3547 hoec
902 3491 1010 3567 opertis
1030 3493 1152 3571 scriptu·

112 3580 300 3649 testimoniis,
320 3577 429 3658 Ephcs.
454 3575 503 3649 ll,
534 3587 564 3639 1.
596 3581 635 3636 5:
667 3575 769 3634 Eratis
791 3574 900 3632 mortui
919 3575 951 3632 in
979 3573 1097 3654 offerrsr’s
1123 3586 1153 3634 et

93 3666 173 3723 ratris.
207 3660 342 3722 Eleon.
365 3661 423 3734 vl,
445 3667 476 3723 5.
505 3670 536 3719 et
556 3659 642 3728 Vlll,
666 3666 725 3716 21:
752 3658 927 3733 Imaginatio
949 3660 1154 3735 cogitationum

93 3748 135 3806 iis
156 3748 276 3807 hominis
296 3747 489 3806 tantammodo
510 3745 586 3804 mala
607 3751 650 3800 cst
671 3743 750 3799 orrnr'
767 3741 823 3800 dic.
868 3738 987 3800 Adhncc
1009 3740 1153 3801 libcrutio-

93 3851 103 3889 ι
130 3850 168 3893 cx
198 3831 311 3889 miseria
341 3840 371 3888 et
395 3831 481 3888 ritum
508 3827 619 3887 esurire
646 3842 681 3882 nc
704 3824 806 3897 sitire,
836 3820 956 3902 Dcoqne
983 3826 1152 3884 sacrificinm

94 3916 165 3974 ritus
189 3916 304 3973 contriti
326 3913 442 3985 ollerrn,
464 3912 656 3989 regenitorum
679 3915 741 3977 est,
775 3916 804 3966 et
825 3925 922 3966 corum
943 3907 992 3986 qui
1011 3906 1089 3967 henli
1111 3903 1153 3964 di·

93 4009 155 4061 rtur.
179 3995 230 4056 Ps.
254 3996 307 4078 Ll,
331 4004 379 4059 19.
404 4008 434 4057 et
454 3995 558 4056 Mettio.
583 3991 626 4062 V,
648 3998 680 4053 6.

576 4143 616 4203 V.

124 4266 183 4340 Qui
202 4265 325 4327 docent:
349 4264 527 4338 „Hominem
550 4269 712 4340 corruptum
743 4268 773 4319 et
792 4254 941 4318 animalem
963 4256 1058 4334 grafio
1078 4275 1157 4319 com·

93 4352 165 4425 runi,
197 4370 270 4432 quoe
298 4352 369 4430 ipsis
390 4359 435 4410 cst
463 4351 554 4409 lumen
578 4355 715 4415 notorie,
747 4342 809 4404 sire
839 4337 923 4402 ionis
955 4350 1021 4420 port
1047 4341 1156 4423 lopsunr
