2648 4928
350 307 542 375 lleclaratio
568 309 817 381 Thouunicusis
865 316 867 321 “
932 322 937 335 ’
1062 316 1139 391 677

102 507 225 559 omnes,
260 486 308 566 qui
336 484 473 564 Spiritum
502 482 560 544 Dei
596 486 719 560 iactant,
755 508 824 549 uere
850 491 919 552 illud
945 497 1136 559 testimoniata

99 581 133 632 at.

99 663 156 718 17.
202 653 335 730 Denique
357 648 491 708 docemus
510 650 640 728 quidem,
669 674 724 713 non
752 676 850 717 omnes
872 658 1001 720 dominos
1024 663 1133 724 electos

114 751 147 800 at
169 738 215 816 qui
239 737 323 795 electi
344 744 421 803 sunt,
444 754 499 793 uon
513 753 550 794 ex
569 738 701 814 praeviso
714 758 832 818 opernm
851 744 965 816 merito,
988 757 1038 804 aut
1048 762 1132 825 praa-

99 820 173 882 utet
196 823 233 879 'in
261 821 331 897 ipsis
359 815 564 894 dispositione,
596 829 645 877 aut
673 822 824 881 uoluntatis
849 844 989 899 assensu,
1018 829 1068 888 sed
1095 849 1132 890 cx

113 908 146 965 in
159 904 276 963 Christo
291 901 383 978 gratia
404 900 512 959 eleetos
531 919 616 961 assez
639 915 747 965 certum
760 908 845 967 etiam
858 926 924 968 esse
942 909 1016 990 apud
1036 911 1130 974 Deum

99 1007 182 1048 orum
206 997 236 1047 et
258 982 462 1045 salvandorum
484 1004 641 1045 numerum.

99 1078 153 1136 18.
197 1070 315 1130 iuterim
344 1067 464 1127 alienam
492 1087 509 1127 a
540 1080 634 1128 menta
664 1080 762 1129 nostra
786 1075 956 1135 senteutiam
986 1076 1067 1136 nobis
1092 1080 1129 1138 ala

99 1155 182 1216 ribai
203 1153 341 1224 dicimus,
364 1151 412 1228 qui
434 1169 486 1219 uos
506 1163 658 1224 accusant,
684 1154 767 1231 quusi
787 1165 932 1218 somenam
954 1157 1128 1222 Electioueur

99 1238 306 1319 iprobatiouem
327 1234 475 1305 absolute,
504 1237 566 1294 sine
590 1236 646 1296 uilo
667 1235 734 1295 iidci
752 1248 803 1297 aut
824 1240 1017 1314 infidelitatis,
1041 1243 1128 1303 bono-

99 1333 146 1383 aut
169 1321 303 1379 malorum
327 1336 443 1396 operum
465 1328 615 1395 respectu,
645 1320 748 1379 iactam
770 1338 835 1381 csse
856 1334 1029 1385 statuamus:
1054 1325 1126 1387 Cum

99 1424 112 1465 ι
139 1406 235 1485 potius
264 1405 293 1461 in
323 1401 473 1461 Electioue
502 1400 603 1461 Fidem
631 1413 661 1461 et
681 1402 898 1478 Obedieutian‚
923 1428 980 1468 non
999 1409 1125 1489 quidem,

99 1508 204 1559 umam,
226 1497 275 1545 aut
294 1486 432 1545 rationem
448 1484 536 1559 ipsias
551 1484 722 1558 Electionia,
745 1489 773 1546 in
796 1488 937 1566 eligendis
958 1510 1023 1551 esso
1044 1512 1128 1572 prae-

99 1616 113 1644 ,
138 1570 193 1631 aad
215 1582 321 1640 umen,
345 1579 375 1627 ut
396 1566 524 1627 Medium
545 1568 733 1642 adsalutem,
766 1590 785 1631 a
803 1569 868 1633 Deo
888 1575 959 1652 ipsis
980 1575 1127 1652 praeordi-

99 1680 124 1716 ,ε
157 1654 191 1715 ln
216 1653 429 1732 Reprobatioua
459 1670 545 1722 vero,
570 1673 627 1712 non
653 1663 761 1713 tantum
789 1653 942 1717 Peccatum
964 1657 1146 1738 Originale,

99 1741 193 1810 tiam,
215 1734 309 1817 quoad
335 1733 465 1804 adultos,
494 1732 693 1797 lnlideiitatem
716 1747 747 1797 et
766 1739 1006 1818 impoenitentiam
1028 1753 1128 1803 contu·

99 1842 132 1896 n,
157 1842 214 1882 nou
234 1841 251 1879 a
273 1818 338 1879 Deo
358 1819 474 1898 proprie
496 1818 735 1897 praeordinatam,
756 1819 809 1882 sed
831 1823 859 1882 iu
876 1824 947 1904 ipsis
970 1823 1126 1905 Reprobis,

99 1925 186 1967 ,asam
208 1903 390 1963 Desertiouis
411 1912 440 1961 et
461 1900 659 1962 Damnationis
680 1905 872 1981 meritoriam,
902 1911 1060 1986 praevisam
1084 1922 1128 1970 at-

99 1991 271 2059 termissam,
292 1987 504 2064 iustissimoque
525 1983 631 2045 indicio
651 1988 830 2066 reprobatam
852 2008 918 2050 csse
950 2002 1124 2053 statuamus.

99 2072 236 2151 Adeoque
260 2068 296 2130 do
324 2068 435 2128 sublimi
463 2068 517 2128 doc
543 2068 817 2130 Pracdestinationis
843 2077 980 2153 mysterio
1007 2074 1125 2134 eandem

117 2157 289 2216 senteutiam
312 2164 470 2222 teneamus,
494 2171 576 2230 quam
596 2170 634 2212 en
655 2152 812 2232 Scriptus-is
840 2158 970 2234 inprimis
990 2157 1127 2233 Augusti·

99 2250 188 2299 outra
210 2237 355 2316 Pelagium
378 2235 445 2294 olim
467 2236 600 2307 asseruit,
624 2254 763 2315 quamquo
783 2240 839 2318 ipsi
853 2238 1000 2299 Romanae
1023 2240 1125 2300 Eccle-

99 2322 239 2383 [loctores
260 2321 419 2401 praecipui,
442 2321 610 2399 praesertim
631 2318 759 2380 Thomas
780 2322 933 2401 Aquinatis
946 2321 1124 2393 sectatores,

99 2425 156 2489 qao
176 2407 313 2467 retinent.

350 2598 780 2661 DeCultchi.

99 2752 126 2806 Ι.
173 2741 257 2801 Solus
286 2758 370 2798 verus
401 2736 502 2808 Dens,
533 2736 669 2796 Essentia
702 2736 802 2809 Unus,
842 2734 980 2797 Personis
1007 2736 1125 2808 Trium,

99 2828 197 2898 scius,
218 2824 425 2901 Omnipotens,
454 2821 700 2900 omnipraeseus,
722 2818 860 2879 mucram
885 2821 1008 2881 omnium
1035 2823 1128 2881 Autnr

99 2922 170 2981 utor,
192 2908 327 2967 malorum
351 2904 494 2983 Depulsor
511 2915 540 2962 et
561 2903 696 2962 Salvator
724 2903 994 2975 sufficientissimus,
1017 2907 1128 2964 miseri-

99 2995 211 3064 tsimus,
233 2990 382 3067 Religioso
406 3008 423 3045 a
446 2987 526 3047 nobis
543 2985 641 3058 Cultu,
664 2987 792 3064 privatim
815 2996 844 3044 at
863 2987 975 3064 publice
994 2988 1131 3046 colendus

108 3086 140 3137 et
175 3074 287 3156 quidem
316 3069 469 3132 secundum
500 3089 564 3130 eum
594 3067 836 3148 modum,'quem
865 3071 927 3149 ipse
952 3069 1049 3130 Verbo
1078 3091 1129 3129 suo

99 3163 144 3221 cri
167 3162 214 3219 sit.

99 3255 129 3307 2.
147 3181 269 3302 pAliam
306 3256 502 3320 quamcunque
538 3256 599 3296 rem
626 3247 674 3295 aut
701 3233 876 3306 Personam,
903 3248 977 3314 quaa
1004 3255 1059 3295 noa
1087 3248 1132 3295 ast

101 3327 283 3408 ‚Religioso
306 3343 357 3381 scu
379 3322 486 3380 Divino
507 3319 592 3379 Cultu
614 3321 729 3391 colere,
755 3317 917 3378 idololatria
942 3328 1006 3391 cst;
1038 3317 1131 3379 Deum

104 3414 200 3491 ipsum
228 3428 324 3468 varum
352 3407 407 3464 alio
430 3404 514 3463 Cultu
543 3405 571 3462 iu
602 3403 759 3482 Scripturis
791 3422 847 3461 non
873 3404 1050 3481 praescripto
1078 3422 1132 3463 uec

100 3508 133 3555 to
156 3494 253 3554 colere
284 3490 356 3549 velle
380 3489 606 3568 superstitiosum
636 3498 666 3547 et
693 3487 905 3557 frustraneum,
934 3506 1132 3566 nonuunquam

117 3576 329 3638 idololatricurn
351 3583 407 3632 cst.

99 3671 130 3725 ³.
178 3659 279 3718 Cultus
310 3657 358 3716 illc
380 3654 446 3714 Deo
468 3652 581 3712 debitus
604 3654 749 3724 consistit,
771 3654 880 3731 primo,
904 3654 934 3712 in
957 3651 1135 3713 Adoratioue

99 3765 173 3816 osa,
204 3754 260 3802 tum
291 3742 420 3819 inprimis
442 3739 582 3807 laterna,
613 3755 667 3815 per
693 3736 940 3815 profundissimam
960 3738 1048 3797 animi
1069 3737 1135 3795 sab·

99 3847 184 3891 ouem
213 3838 242 3886 et
262 3825 467 3884 subiectionem
490 3840 585 3880 coram
608 3819 689 3890 Deo,
721 3837 774 3878 oen
794 3817 918 3879 Domino
947 3819 1070 3878 omnium
1089 3837 1137 3877 su*

99 3936 116 3975 n
139 3922 225 3990 atque
248 3910 439 3977 sanctissimo,
463 3915 491 3963 et
512 3901 639 3965 cordium
670 3922 704 3962 ac
725 3921 825 3961 renum
847 3904 1009 3983 inspectore
1039 3912 1069 3959 et
1091 3901 1137 3959 iu·

101 3994 361 4078 praesentissimo:
386 4000 442 4047 tum
465 3986 612 4057 Externa,
643 4006 695 4065 per
715 3985 922 4045 inclinationem
944 3994 992 4045 aut
1011 3993 1138 4063 prostra-

99 4101 126 4143 ω
156 4079 302 4156 corporis,
328 4090 513 4151 manuumque
537 4071 742 4141 sublationem,
764 4069 872 4128 aliosve
900 4068 1006 4128 similes
1026 4078 1137 4145 gestus,

99 4185 126 4226 ux
151 4164 264 4222 iuterna
288 4159 454 4218 adoratione
487 4152 621 4233 pendent,
644 4164 672 4213 et
690 4151 842 4211 secundum
865 4170 926 4213 cam
943 4151 1139 4228 aestimantur,

101 4247 214 4327 alioqui
235 4244 320 4303 Civili
339 4243 425 4301 etiam
447 4239 556 4297 honore
578 4237 707 4316 usurpari
728 4238 849 4316 possint.
987 4222 1005 4239 ''

100 4340 138 4396 4.
186 4326 302 4389 Deinde
324 4329 354 4385 in
374 4324 569 4393 invocatione,
592 4341 645 4400 qua
674 4332 732 4381 tum
753 4317 969 4400 Corporalium,
998 4319 1055 4376 tuta
1077 4315 1144 4394 Spi-
