2648 4928
111 278 188 375 uo
423 293 653 403 Cateebimrus
675 290 898 367 Geneuensis.

190 477 229 541 P.
274 468 415 553 Quoniam
437 476 463 535 is
482 472 594 535 buum
614 475 658 535 itti
678 474 816 556 probatur
834 474 945 549 cuitus,
968 494 1025 537 uon
1047 497 1077 558 qu

112 568 219 644 tingere
241 562 323 622 uobis
343 560 468 631 libuerit,
492 556 543 619 sed
564 578 646 638 quem
667 579 719 619 suo
742 560 802 640 ipss
823 559 944 629 arbitrio
964 580 1077 640 praescr

191 646 239 711 M.
282 646 375 723 Quam
395 653 490 705 autem
510 641 623 713 vivendi
641 643 770 725 mgentem
791 642 875 705 uobis
893 644 1007 725 posuit?

513 875 582 957 [lb]
618 876 676 940 DE
696 875 825 963 LEGE,

613 1017 719 1087 idest,
782 1054 786 1061 -
882 1094 886 1101 Ι

411 1140 552 1207 Decem
568 1106 918 1239 'praeceptis-Dei.

192 1307 230 1371 P.
273 1308 380 1391 Legem
401 1331 493 1372 suam.

125 1394 129 1399 '
191 1390 238 1453 M.
280 1392 358 1467 Quid
377 1414 411 1455 ea
433 1397 581 1457 continet?

127 1556 130 1561 Ι
191 1474 229 1536 P.
273 1477 392 1539 Duabus
423 1480 550 1560 partibus
581 1489 711 1540 constat:
741 1500 859 1560 quarum
888 1483 969 1563 prior
995 1495 1077 1562 quatu

109 1570 280 1703 praecipu,
320 1564 412 1624 altera
446 1583 508 1625 sex.
559 1563 604 1624 lta
637 1561 735 1624 decem
772 1566 886 1624 omuino
905 1566 1077 1648 ppraeeeptii

110 1652 171 1703 teta
232 1664 263 1704 x.

193 1725 238 1786 M.
283 1726 356 1803 Quis
378 1728 462 1789 buius
484 1726 630 1790 divisionis
651 1743 695 1790 est
715 1734 836 1790 auctori

189 1807 227 1870 P.
272 1809 353 1871 Deus
368 1813 447 1893 ipse,
468 1814 517 1893 qui
535 1816 563 1873 in
586 1812 656 1873 duas
677 1814 787 1874 tabulas
817 1812 986 1892 descriptam
1007 1811 1076 1875 Mos

109 1907 139 1955 ct
161 1913 246 1974 saepo
275 1905 395 1956 testatus
421 1906 467 1957 est
494 1895 585 1977 redigi
615 1899 643 1957 in
676 1898 773 1958 decern
803 1897 901 1958 verba.
937 1896 1067 1981 ·(Exod.

109 1989 140 2039 et
162 1978 214 2049 Μ,
240 1980 291 2044 lb.
313 1989 344 2040 et
363 1978 415 2050 34,
439 1981 470 2043 l.
498 1980 590 2041 Dent.
613 1980 644 2055 4,
667 1982 720 2046 13.
743 1993 773 2042 et
793 1981 845 2054 lt),
868 1980 915 2054 4.)

191 2058 237 2121 M.
280 2060 489 2142 Argumentum
509 2064 613 2145 prioris
634 2065 748 2126 tabuiao
769 2065 852 2145 quale
873 2067 940 2125 estt

190 2142 229 2205 P.
272 2144 320 2207 De
341 2148 454 2225 pietatis
475 2166 544 2227 erga
564 2147 659 2211 Deum
682 2150 795 2210 officiis.

90 2266 93 2271 ·
188 2226 237 2289 M.
280 2227 431 2291 Secundae
450 2235 542 2292 munt

110 2395 164 2455 lm
191 2310 230 2372 P.
274 2313 406 2388 Quaiiter
431 2314 471 2375 sit
495 2313 634 2396 agendum
663 2332 727 2374 eum
751 2312 932 2389 bdminibus,
955 2310 1075 2396 etquid

165 2414 238 2456 mus.

190 2476 236 2539 M.
281 2479 384 2540 Recita
404 2490 586 2561 praeceptum
606 2480 651 2539 vel
674 2489 762 2558 caput
782 2479 914 2560 primum.

193 2561 229 2623 P.
274 2566 358 2624 Audi
374 2566 489 2624 Israel.-
519 2568 584 2643 Ego
610 2583 670 2623 sarm
692 2565 796 2623 lehouu
815 2567 894 2625 Deus
915 2575 991 2635 tusas,
1016 2566 1071 2643 qm'

110 2664 150 2703 ee
171 2655 252 2707 terra
279 2650 427 2726 Aegypti,
456 2669 473 2707 e
504 2651 586 2709 dorso
613 2650 782 2719 seruitutis3
812 2668 868 2707 nou
890 2648 1008 2707 habebis
1027 2649 1077 2706 dea

109 2748 208 2790 eorum
231 2751 283 2791 mc.
329 2730 434 2805 (Exod.
460 2732 514 2805 20,
536 2731 567 2791 2.
602 2729 692 2790 Deut.
713 2733 744 2799 b,
769 2730 819 2804 b.)

192 2813 238 2875 Μ.
282 2811 369 2874 Nunc
389 2834 502 2875 sensum
523 2813 672 2874 verborum
695 2832 817 2891 expone.

192 2898 230 2958 P.
273 2897 359 2957 Initio
386 2898 505 2979 quedam
527 2899 614 2957 vetuti
635 2898 811 2975 praefatione
832 2896 922 2954 utitur
938 2895 966 2953 in
990 2905 1077 2954 totam

110 2979 185 3039 Nam
208 3001 293 3061 quum
314 2982 446 3042 lebovam
468 3000 499 3042 se
521 2982 657 3050 nominat,
682 2983 726 3039 ius
746 2980 800 3040 sibi
820 2978 947 3038 vindieat
974 2990 1004 3039 et
1023 2998 1077 3037 auc

110 3062 235 3124 iubendi.
279 3063 403 3136 Deinde,
428 3086 484 3144 quo
506 3064 579 3142 Legi
601 3083 669 3123 suae
691 3065 811 3142 gratiam
833 3062 907 3142 apud
931 3084 982 3121 nos
1003 3083 1075 3122 conc

110 3143 153 3205 dit
181 3168 213 3207 se
245 3146 339 3207 Mum
370 3167 433 3207 esse
462 3158 600 3207 nostrum.
646 3148 769 3207 Perinde
794 3148 869 3207 enim
900 3148 994 3206 valent
1023 3147 1078 3206 bae

111 3230 170 3289 acsi
191 3229 371 3291 Servaturem
394 3242 520 3291 nostrum
542 3251 574 3291 se
596 3242 721 3291 vocaret.
765 3232 830 3289 Hoc
863 3242 956 3289 autem
979 3232 1077 3289 benetia

110 3332 163 3373 uos
184 3311 328 3393 dignetur,
351 3334 405 3395 par
422 3326 477 3388 cst,
501 3326 533 3375 ut
551 3335 603 3375 uos
627 3316 667 3375 itti
693 3316 815 3373 vicissim
835 3315 1019 3375 exhibeamus
1040 3315 1070 3372 in

111 3396 324 3478 obsequentem.

193 3480 238 3541 M.
282 3480 391 3541 Verum
413 3479 489 3561 quod
516 3481 651 3543 continuo
680 3478 714 3540 de
745 3481 911 3540 liberatione
939 3481 1054 3540 subiicit

111 3567 179 3643 ingo
200 3565 344 3624 servitutis
367 3565 582 3646 Aegyptiacae,
614 3585 706 3624 annon
737 3563 772 3622 ad
802 3564 989 3624 lsraeiitieum
1018 3584 1073 3643 pop

110 3668 176 3709 eom
197 3647 309 3728 quidem
331 3651 434 3722 solum,
458 3651 642 3729 peculiariter
662 3652 792 3727 spectati

192 3747 229 3809 P.
274 3748 382 3809 Fateor
402 3746 496 3829 quoad
518 3768 607 3828 opus3
630 3767 745 3818 rerum,
769 3759 814 3807 est
835 3749 955 3808 aiterum
975 3747 1077 3807 liberat

109 3851 182 3906 uus,
220 3831 295 3913 qued
321 3831 358 3892 ad
387 3852 485 3892 omnes
524 3851 665 3912 peraeque
702 3832 829 3891 homines
864 3833 996 3911 pertinet.
1047 3830 1077 3889 Ν

110 3936 208 3978 omues
229 3937 266 3976 ex
287 3916 428 3995 spirituaii
448 3916 558 3997 peccati
580 3918 714 3974 servitute
736 3926 766 3973 et
786 3915 892 3975 diaboii
914 3912 1064 3995 tyrannide

192 3998 238 4060 M.
281 3998 343 4061 Cur
363 4001 425 4060 eius
446 4000 491 4059 rei
511 4000 656 4072 meminit,
689 4019 774 4081 quum
802 4000 831 4059 iu
852 4000 958 4079 Legem
990 4018 1070 4059 suam

109 4084 219 4147 veneta

191 4164 228 4228 P.
273 4165 315 4227 Ut
335 4186 389 4227 nos
409 4165 654 4237 commonefaciat,
679 4185 804 4226 summae
826 4165 1038 4246 ingratitudinis
1060 4184 1077 4225 r

110 4252 164 4314 nisi
185 4262 261 4311 totos
281 4250 326 4311 itti
345 4270 397 4310 nos
417 4250 446 4310 iu
470 4249 634 4331 obsequium
655 4246 857 4310 addixerimus.

191 4334 237 4396 M.
281 4331 358 4411 Quid
374 4344 466 4395 autem
487 4334 542 4397 boc
564 4335 654 4415 primo
676 4334 768 4415 capito
789 4334 900 4414 exigitt
