2648 4928
206 300 281 378 196
556 288 751 367 consensus
770 295 967 389 tigurium.

486 475 559 529 xxt.
582 471 703 538 [haebr
722 470 878 540 imaginatio
897 473 1035 545 tollenda]

292 561 477 626 Praesertim
501 579 569 621 vero
597 556 720 618 tollenda
749 570 795 618 est
830 560 974 640 quaelibet
1009 560 1108 622 localia
1136 564 1318 642 praesentias·

207 650 383 731 imaginatio.
425 645 500 706 Nam
521 662 605 723 quum
626 643 709 719 signa
730 641 777 701 hic
799 642 829 701 in
852 643 955 702 mundo
977 645 1054 718 sint,
1086 648 1177 706 oculis
1199 666 1311 710 carcaa·

181 740 272 807 'tur,
298 732 448 812 palpentur
469 729 616 788 manibuss
640 725 773 784 Christus
801 738 938 805 qnatenus
961 727 1045 788 horno
1073 739 1134 802 cst,
1166 751 1224 791 noa
1251 732 1310 793 alibi

89 871 92 875 .
206 837 289 897 qoam
310 817 339 875 in
361 813 459 882 caelo,
481 829 535 891 nec
557 810 640 869 aliter
659 828 741 889 quam
764 822 856 869 mente
877 821 907 870 et
935 810 1001 871 fidei
1024 813 1215 892 intelligentia
1234 835 1310 895 quae

207 900 312 961 sendus
332 907 387 958 est.
431 894 529 969 Quare
551 911 687 972 perversa
714 901 744 951 et
771 894 859 973 impia
880 896 1045 976 superstitio
1064 906 1128 970 cst,
1152 899 1246 978 ipsum
1264 899 1309 961 art

206 983 354 1045 elementis
376 979 459 1038 buius
478 978 574 1041 nundi
595 974 752 1036 includere.
1026 1015 1029 1021 .

239 1095 324 1149 xxtt.
343 1090 496 1179 [Eppoaitio
512 1090 653 1145 verborum
666 1089 775 1143 Coenae
794 1090 911 1159 Domini,
928 1093 988 1147 Hoc
1005 1096 1047 1146 eat
1063 1109 1159 1177 corpus
1176 1093 1284 1169 meum}

287 1192 433 1266 Proinde,
458 1194 508 1273 qui
528 1195 557 1252 in
578 1190 742 1252 solennibus
763 1191 881 1255 Coenae
910 1194 1026 1268 verbis,
1054 1194 1118 1255 lloc
1139 1205 1187 1256 est
1216 1214 1311 1283 corpap

206 1300 316 1351 mcum,
345 1277 403 1337 llic
425 1286 471 1336 eat
495 1277 610 1356 sanguis
637 1292 736 1343 meus:
759 1279 891 1356 praecise
913 1278 1068 1351 literalem,
1098 1291 1129 1341 ut
1156 1276 1313 1363 loquuntur}

206 1384 322 1427 sensum
344 1371 457 1441 urgent,
481 1379 532 1420 eos
553 1371 683 1438 unquam
705 1371 904 1440 praeposteros
934 1364 1106 1442 interpretes
1127 1361 1312 1443 repudient}

207 1448 282 1509 Nam
312 1455 394 1506 extra
413 1445 634 1504 controuersiam
657 1444 805 1522 ponimus,
837 1444 957 1522 figurate
985 1443 1153 1525 accipienda
1179 1440 1313 1527 cusq}

207 1551 274 1676 itt
296 1525 1021 1691 ttltt‘tltttllttt'abtlltltllzh
1046 1529 1248 1674 tillidi
1266 1548 1313 1605 '⁹'

208 1699 398 1761 uansleratur
421 1694 464 1754 rei
485 1694 622 1773 figuratae
644 1712 758 1766 nomen,
784 1713 866 1772 quum
884 1697 990 1775 passim
1011 1636 1044 1757 id
1064 1630 1312 1776 Scripturiaae

210 1781 284 1843 modi
304 1780 463 1843 locutiones
485 1787 654 1837 occurrant:
684 1786 714 1836 et
740 1797 791 1835 nos
819 1778 863 1837 sic
894 1778 1034 1859 loquendo
1061 1778 1135 1840 nihil
1160 1779 1311 1857 allerina'a',

210 1863 283 1947 qnod
304 1884 361 1923 non
388 1857 462 1941 opud
489 1861 699 1922 vetustissimos
726 1879 852 1941 quosque
881 1872 910 1921 et
932 1862 1149 1943 probatissimos
1168 1862 1313 1945 Ecclesiae

209 1950 364 2030 scriptores
384 1953 475 2006 extet.
828 2008 839 2036 ὁ

431 2041 531 2095 ΧΧΗΙ.
553 2036 608 2109 [De
624 2039 826 2096 manducatione
843 2040 960 2110 corporis
977 2041 1099 2115 Christi]

291 2127 376 2206 Quod
397 2138 490 2188 autem
511 2126 607 2186 carnis
637 2143 705 2185 suae
725 2145 784 2201 lesu
806 2136 835 2186 et
857 2129 1003 2204 sanguinis
1023 2130 1156 2209 potione,
1180 2104 1314 2213 quaahfi

210 2217 387 2296 figurantur,
409 2211 542 2272 Christus
564 2209 671 2269 animas
693 2220 804 2268 nostras
833 2230 884 2289 per
905 2210 987 2270 fidem
1008 2211 1132 2290 Spiritus
1153 2214 1244 2277 sandi
1262 2212 1316 2277 vlt·

210 2310 272 2361 tute
292 2298 394 2378 pascit,
418 2292 447 2354 id
467 2312 522 2353 non
544 2290 662 2371 perinde
681 2290 885 2371 accipiendum,
909 2295 989 2373 qnasi
1010 2297 1059 2354 liat
1079 2297 1174 2378 aliqua
1194 2296 1314 2443 γ»

1180 2400 1214 2443 se
1241 2380 1315 2441 alia

210 2384 268 2444 tiae
287 2378 508 2442 velcommintio
530 2375 576 2435 vel
596 2375 766 2434 transfusio:
789 2375 990 2457 sedquoniam
1012 2398 1048 2439 cx
1069 2400 1159 2467 carne

211 2465 383 2528 sacrificium
398 2461 491 2521 oblata
503 2469 532 2519 et
542 2458 681 2537 sanguine
697 2457 728 2521 itt
738 2459 926 2540 expiationem
940 2460 1029 2521 elluso
1043 2464 1130 2523 arten
1145 2464 1312 2526 bauriataat·

336 2574 433 2628 xxw,
464 2575 578 2641 [Contra
594 2574 913 2627 transsubstantiationem
930 2580 957 2627 et
976 2576 1040 2629 aliar
1058 2576 1196 2650 ineptias]

292 2661 357 2722 lloc
379 2658 462 2718 modo
491 2680 548 2718 non
577 2669 682 2718 tantum
708 2661 847 2718 refutatur
869 2661 1046 2738 Papistarum
1077 2662 1316 2727 commentando

210 2745 537 2815 transsubstantiatione,
562 2741 614 2801 sed
635 2762 731 2802 crassa
752 2745 845 2802 omnia
860 2746 993 2821 figmenta
1014 2760 1098 2825 atque
1119 2750 1217 2810 sorites
1237 2768 1316 2828 arga-

209 2832 286 2901 tiae,
315 2847 388 2906 quae
419 2827 465 2887 vel
486 2828 604 2886 caelesti
626 2827 688 2884 eius
710 2827 817 2905 gloriae
840 2827 991 2886 detrabunt
1014 2831 1058 2889 vel
1080 2834 1199 2892 veritati
1225 2833 1317 2891 bama

209 2932 263 2973 nae
280 2922 397 2971 naturae
418 2912 510 2969 minus
534 2919 600 2968 sunt
616 2921 837 2969 consentaneae.
882 2912 984 2990 Neque
1007 2916 1082 2972 enim
1106 2917 1201 2975 miuus
1223 2916 1316 2976 absur-

208 2996 273 3055 dum
296 2994 464 3063 iudicamus,
487 2993 633 3053 Christum
655 2992 706 3051 sub
728 3013 799 3071 pane
821 2994 914 3053 locare
936 2997 981 3055 vel
1001 3017 1062 3056 cum
1084 3018 1158 3078 pane
1173 3000 1315 3081 copulare,

208 3098 289 3159 quam
312 3096 411 3157 panem
434 3075 704 3135 transsubstantiare
726 3078 754 3133 in
777 3097 879 3156 corpus
902 3080 974 3137 eius.

399 3189 483 3243 XXV.
511 3188 624 3258 [Christi
643 3204 737 3257 corpus
758 3190 845 3242 estin
864 3195 937 3244 caeto
955 3198 984 3245 ut
1002 3194 1029 3245 in
1046 3195 1128 3265 loco]

293 3275 338 3336 Ac
360 3296 396 3335 nc
410 3296 463 3354 qua
475 3276 644 3353 ambiguitas
660 3284 760 3346 restet,
785 3296 867 3354 quum
890 3279 916 3336 in
933 3281 1012 3338 caelo
1027 3281 1220 3359 ‹ptuaerendnm
1236 3280 1315 3343 Chri·

211 3375 284 3422 stum
307 3359 445 3432 dicimus,
470 3359 539 3418 baec
562 3360 664 3416 locutio
686 3358 810 3417 locorum
832 3359 991 3421 distantiam
1014 3365 1094 3423 nobis
1118 3378 1202 3425 sonat
1223 3377 1252 3428 et
1270 3386 1315 3427 ea·

209 3446 314 3527 primit.
359 3444 485 3503 Tametsi
516 3443 591 3501 enim
616 3440 815 3520 Philosophiae
846 3444 984 3522 loquendo
1016 3468 1100 3527 supra
1121 3448 1220 3510 ea'elos
1240 3450 1314 3510 locut

209 3550 265 3589 non
281 3538 345 3599 est;
367 3529 432 3607 quia
454 3537 546 3585 tamen
563 3523 851 3605 conpescarisut‚,ut
864 3530 920 3587 lent
938 3530 1049 3590 humani
1068 3535 1198 3612 corporis
1221 3544 1314 3593 natura

209 3623 239 3673 ct
260 3610 368 3682 modus,
392 3611 500 3669 linitum
522 3621 567 3668 cst
589 3619 619 3667 et
641 3608 734 3679 caclo,
756 3621 787 3667 ut
808 3609 882 3683 loeo,
905 3615 1075 3686 continetur,
1102 3636 1224 3678 necessa
1239 3628 1313 3677 esta

209 3695 290 3757 uobis
312 3705 390 3754 tanto
411 3696 534 3753 locorum
549 3691 697 3752 intervallo
709 3690 826 3765 distare,
850 3699 1076 3775 quamtocaelum
1097 3699 1182 3760 abest
1196 3723 1214 3761 a
1230 3711 1312 3761 terra.

412 3808 508 3861 xxvt.
529 3806 665 3875 [Christus
683 3823 735 3860 non
753 3814 793 3861 est
812 3809 961 3865 adorandos
977 3810 1006 3865 in
1025 3813 1112 3883 pane]

290 3895 420 3970 Quodsi
442 3894 644 3969 imaginatione
672 3904 769 3952 nostra
790 3894 934 3956 Christum
963 3902 1026 3978 pani
1055 3910 1084 3961 et
1112 3902 1178 3960 vino
1200 3901 1312 3981 alligate

208 3982 251 4040 las
273 4000 328 4038 non
351 3990 406 4048 est,
432 3976 517 4035 mutto
541 3978 632 4034 minus
652 3977 720 4035 licet
740 3997 802 4035 eum
824 3981 853 4037 in
877 4002 949 4059 pane
971 3981 1102 4043 adorare.
1150 3986 1311 4064 Quanquam

208 4065 280 4123 euim
304 4065 384 4141 panis
402 4063 430 4120 in
449 4060 606 4140 symbolum
626 4070 654 4120 et
675 4063 776 4139 pignus
798 4063 873 4133 cius,
896 4085 976 4142 quam
997 4067 1134 4128 habemus
1153 4089 1220 4128 eum
1233 4069 1310 4129 Clan'·

207 4157 264 4218 rto,
288 4146 491 4207 communionis
514 4143 596 4202 nobis
618 4145 795 4224 porrigitur3
825 4149 889 4223 quia
919 4160 1012 4208 tamen
1036 4153 1148 4229 signum
1171 4165 1238 4225 eat,
1260 4171 1310 4212 aot

207 4250 255 4289 res
278 4232 349 4309 ipsa,
370 4248 461 4308 neque
483 4247 542 4287 rem
563 4228 593 4286 in
615 4247 647 4286 se
667 4229 802 4287 inclusam
824 4229 909 4288 habet
928 4244 977 4290 ant
998 4236 1131 4308 allisam,
1153 4235 1259 4297 idolum
1279 4254 1309 4296 tt

205 4332 241 4373 ao
253 4315 370 4389 iaciunt,
386 4315 433 4398 qui
448 4323 571 4374 mentem
581 4330 659 4372 suam
675 4312 704 4372 iu
719 4331 783 4374 eum
799 4325 977 4389 convertunt,
994 4318 1140 4381 Christum
1158 4321 1299 4382 adoratur.
