2648 4928
434 70 488 133 dus
514 80 544 130 et
575 65 797 128 administrando
823 64 1027 138 Sacramenta,
1062 65 1167 146 ebsth
1200 84 1311 125 consen

434 150 563 214 Ministri
585 167 707 210 socan:
730 146 824 209 Multo
840 150 931 230 magis
948 167 1081 210 erronem
1097 149 1253 227 solivagum
1274 168 1324 208 no·

434 234 642 315 et'euecipere.

518 317 560 379 V.
603 314 651 377 De
672 311 772 375 Coeno
792 315 909 376 Domini
943 317 1018 376 illem
1045 315 1215 377 sententiam
1244 312 1323 395 erupi

437 412 484 465 est
502 410 634 461 eunome
654 399 684 457 iu
712 409 808 459 mutuo
839 397 988 459 Consensn
1010 398 1248 471 Serdontirionsi,
1272 408 1303 458 ct

437 485 572 546 sessionis
592 482 753 543 Saxonicue
770 484 873 543 rnissue
896 482 931 542 ed
951 482 1151 543 Tridentinunr
1172 480 1318 542 Concilio

438 571 475 628 sti
498 568 543 629 Μ.
569 566 608 627 D.
629 566 680 626 Li.
735 567 953 644 Vitebimusque
975 569 1131 639 terminos,
1170 563 1260 625 verbe
1287 576 1320 625 et

437 671 455 712 e
474 650 574 712 Verbo
595 649 652 710 Dei
681 660 711 710 et
737 649 791 708 hoc
818 648 950 709 Generaii
973 649 1144 721 Consensu,
1165 660 1196 709 et
1212 648 1248 708 eit
1271 648 1324 707 iu»

437 736 519 795 sione
540 733 744 794 Saxonicurunr
764 731 961 794 Eoolesierurn
988 732 1025 794 ud
1053 733 1253 793 Tridentinnm
1276 731 1322 793 Co

438 818 560 879 alienes.
841 832 843 836 ·

522 901 574 962 Vl.
616 900 769 961 Ministros
796 898 995 980 auditoresque
1025 900 1114 980 pertis
1142 901 1247 972 unius,
1278 919 1315 980 pe

436 986 484 1047 vel
503 986 613 1045 ratione
636 985 681 1043 vel
702 985 854 1044 occasione
869 980 1032 1056 'sistendae
1055 982 1107 1043 sed
1128 1002 1179 1044 eos
1210 984 1240 1044 in
1265 982 1323 1044 ced

436 1072 542 1131 eistete
563 1068 711 1128 confirmet
731 1078 760 1127 et
782 1077 956 1147 promovent.

520 1150 593 1215 VH.
636 1150 791 1230 Utriusque
812 1152 901 1231 portis
923 1150 1063 1221 Ministri‚
1086 1148 1231 1211 auditores
1255 1170 1324 1211 suo

438 1245 594 1305 moneant,
625 1233 738 1311 illisque
766 1252 817 1292 sua
837 1234 980 1297 Pustoruii
1007 1234 1177 1294 authoritate
1199 1234 1321 1315 iniungo

438 1320 499 1379 sies
527 1317 728 1377 Contentionis
755 1318 873 1377 ulterius
901 1319 929 1377 in
961 1317 1090 1378 erunibus
1118 1316 1317 1379 Doctrineee

437 1404 505 1472 etis,
529 1400 689 1472 domuere,
712 1400 807 1460 verbis
829 1402 874 1460 vel
895 1401 1009 1481 scriptis
1035 1401 1100 1460 ullis
1119 1402 1319 1483 perstringere

437 1496 471 1545 ut
492 1485 566 1545 bene
587 1482 623 1542 de
644 1483 701 1543 iilis
723 1484 850 1543 sentiunt
871 1495 901 1545 et
919 1483 1080 1565 loquentur.
1169 1478 1175 1489 “

521 1565 605 1626 vttl.
650 1566 697 1625 Ex
726 1578 844 1646 utreque
871 1578 951 1647 purte
974 1567 1112 1627 Seniores
1139 1568 1306 1642 constituti,

438 1651 469 1709 iu
490 1648 681 1730 promovende
703 1649 756 1709 hec
776 1649 910 1723 Unione,
941 1669 994 1711 nec
1023 1670 1079 1710 non
1108 1652 1137 1711 in
1166 1652 1231 1711 otiis
1262 1671 1314 1724 ne

439 1750 502 1792 rum
523 1732 655 1807 tredeot;
678 1735 702 1792 si
726 1753 796 1812 opus
817 1735 904 1794 inerit
924 1734 968 1793 bis
989 1734 1034 1793 vei
1056 1744 1101 1793 ter
1120 1735 1150 1793 in
1172 1754 1247 1794 enno
1267 1738 1315 1795 inv

439 1815 609 1876 destinatum
632 1820 846 1890 convenientes,
868 1828 898 1876 et
918 1819 1035 1877 consiliu
1056 1828 1151 1876 mutus
1172 1818 1323 1878 conferent

523 1899 577 1959 IX.
622 1897 749 1958 Ministri
770 1898 970 1978 auditoresque
993 1911 1092 1960 coetus
1112 1902 1214 1974 unius,
1234 1920 1299 1961 eunt

440 1981 544 2053 uenis,
567 1980 797 2062 auditoribusque
819 1994 917 2043 coetus
939 1985 1066 2065 nitet-ius,
1090 1984 1160 2043 nihil
1181 1986 1314 2063 privatim

439 2063 599 2125 Doctrinee
617 2076 647 2125 et
668 2064 784 2124 flituunr
807 2077 836 2125 et
854 2066 998 2127 Bonorum
1017 2066 1311 2139 Ecclesiastieorutu,

440 2147 603 2208 consultore
632 2145 755 2207 debent:
778 2147 838 2207 Sed
859 2152 953 2228 potius
976 2149 1116 2223 sundere,
1139 2170 1194 2233 quo
1209 2152 1258 2212 tttn
1279 2153 1309 2212 iu

440 2228 544 2301 dicium
558 2230 754 2292 Ministrornut
776 2250 845 2291 suae
868 2235 1056 2294 confessionis
1075 2245 1217 2295 meueent.

523 2311 565 2373 Χ.
610 2312 791 2374 Unanimiter
812 2332 975 2392 censemus,
996 2327 1026 2377 ut
1048 2329 1166 2397 peccate
1186 2310 1277 2378 verbo
1305 2329 1314 2368 t

441 2392 562 2536 {obticis
579 2397 761 2457 concionibus
786 2408 815 2458 ct
836 2400 946 2478 private
968 2401 1053 2462 officii
1075 2399 1223 2461 sedulitate
1243 2412 1322 2461 texe

463 2496 495 2536 us
517 2481 764 2541 concionatoribus
786 2482 865 2545 verbi
888 2482 1006 2557 Divisi,
1038 2496 1133 2564 utpote
1158 2482 1319 2545 idololotria

442 2562 572 2634 auaritia,
594 2584 709 2637 usurae,
733 2565 861 2638 dissidio,
885 2569 976 2639 rixae,
1001 2568 1231 2640 meledictiones,
1257 2569 1318 2628 obri

442 2646 585 2717 sationes,
610 2647 754 2719 choreae,
780 2653 931 2721 scortatio,
961 2655 1079 2709 vestitus
1101 2654 1280 2721 luxuriosus,

443 2727 543 2766 Atros...
568 2734 704 2766 „omn
726 2735 792 2766 ..rm
850 2732 895 2766 ιιΛ
928 2737 1027 2766 ...:..t
1059 2746 1112 2766 ι...
1137 2736 1297 2766 η...-ι....
