2648 4928
315 368 327 377 .
433 240 631 354 Peroratio.
978 279 1063 361 76ἰι

115 471 265 535 nostrum,
293 461 373 522 ouius
401 459 520 540 gloriere
548 459 733 543 proculdubio
762 463 898 542 imprimis
927 466 1054 546 quaerit,

99 566 224 620 eunus,
244 553 275 605 ut
295 545 442 623 generale,
461 545 595 617 iberum,
616 564 740 624 vereque
762 545 956 610 Christianum
977 548 1056 613 Con·

99 629 231 691 niudiui
253 628 475 708 quamprimum
497 638 597 701 curet,
619 626 692 708 qnod
715 628 853 689 bretenus
875 630 912 690 sd
939 652 1055 713 rompo-

99 733 134 774 ιε
155 731 204 773 rer
224 711 397 783 Eeeiesire,
429 731 491 772 rum
512 711 569 791 ipsi
590 711 624 774 S.
648 710 693 771 M.
716 713 754 772 Τ.
778 724 835 772 tum
856 715 922 794 ulijs
943 717 977 778 S.
1000 718 1056 779 irn-

118 795 317 876 Principibus,
339 792 413 854 adeo
432 796 624 856 nerunuriuru
637 796 727 854 visum
748 806 805 868 est,
828 807 860 857 et
875 798 906 857 iu
925 799 1055 863 omnibus

109 879 227 960 imperij
251 878 449 952 conventibus,
510 880 520 937 i
539 888 602 957 post
623 890 752 941 exortunr
781 880 835 939 hou
858 879 897 941 de
914 883 1054 962 reiigione

99 961 188 1035 dium,
209 962 298 1023 tshiu
320 970 396 1032 sunt,
420 970 451 1021 et
471 898 509 1022 dd
526 960 572 1021 M.
597 961 634 1025 T.
654 963 856 1040 commisserij,
878 973 908 1024 et
926 966 974 1043 stij
997 967 1056 1028 iun·
1141 965 1146 973 '

118 1044 290 1126 Principes,
315 1045 405 1123 peiuru
427 1045 523 1104 testati
552 1045 627 1117 sint,
656 1045 731 1105 nuiiu
760 1046 816 1105 uiis
845 1048 892 1106 vir
919 1047 1000 1110 hisee
1021 1052 1053 1113 iu

99 1149 130 1202 s,
159 1127 234 1208 quod
255 1128 430 1200 uulrrtiierum
452 1129 499 1201 sit,
525 1145 610 1208 posse
640 1128 754 1189 confici.
798 1127 882 1189 Unde
905 1131 933 1191 iu
955 1135 1052 1212 proxi·

99 1211 203 1292 Spirae
232 1210 336 1271 habitis
360 1209 513 1290 Comitijs,
540 1229 619 1291 spem
641 1210 674 1272 S.
697 1210 741 1272 M.
762 1213 800 1274 Τ.
824 1213 910 1285 ierit,
931 1213 1052 1279 Pontib-

104 1295 195 1356 Rom.
214 1315 274 1355 nou
292 1305 522 1375 repugnaturum,
546 1314 601 1373 quo
622 1295 714 1354 miuus
736 1306 845 1355 moture
866 1297 923 1356 tete
944 1296 1052 1361 Conri-

124 1377 297 1440 eoiebretur.
341 1377 433 1437 Porro
472 1379 498 1437 si
530 1379 674 1456 generalis
711 1377 833 1457 Conuiiij
867 1392 989 1460 nequest
1020 1385 1051 1443 in

99 1480 152 1523 ure
173 1461 296 1521 obtineri
317 1461 511 1540 oportunitas,
538 1460 637 1521 saitem
659 1460 816 1522 Doctorum
845 1464 981 1544 cuiusque
1002 1485 1052 1527 or·

114 1556 146 1606 et
163 1555 264 1617 stetus,
290 1545 502 1624 provincialem,
525 1563 607 1623 quern
620 1556 723 1604 voenut
743 1557 922 1619 conventum,
945 1546 977 1608 S.
1000 1548 1049 1610 M.

99 1629 228 1700 retituet,
250 1647 333 1708 quem
363 1628 454 1687 libere
475 1638 592 1707 tutoque
612 1647 736 1701 omnes,
756 1647 828 1707 quos
847 1627 952 1691 edesse
972 1642 1051 1697 retu·

99 1736 112 1785 ,·
134 1721 240 1792 queunt
259 1710 360 1783 edire,
383 1710 489 1788 singuli
509 1709 619 1782 audiri,
648 1721 679 1771 et
699 1730 751 1791 per
773 1711 933 1773 huiusmodi
955 1715 1047 1787 viror,

99 1808 122 1855 u
144 1792 265 1874 expendi
281 1792 323 1854 'et
343 1792 482 1866 iudicari,
507 1802 578 1872 quos
599 1804 711 1854 rorstet
730 1792 789 1862 Dei
810 1797 921 1856 tinore.
934 1794 1050 1876 praedi·

99 1877 177 1939 tuin·
194 1878 285 1956 gioria
305 1877 376 1937 nihii
398 1878 478 1957 prius
496 1876 615 1937 habere.
658 1876 763 1956 Neque
786 1879 862 1938 enim
880 1880 910 1939 iu
922 1879 1049 1943 obrem

176 1962 242 2020 oiinr
264 1961 415 2039 gravitate,
449 1980 559 2040 qusque
583 1958 740 2047 diligentie,
763 1962 1050 2042 euru-imperatores,

99 1980 243 2126 Eissopi
264 2046 294 2102 in
322 2042 501 2104 decidendis·
519 2041 587 2102 fidei
609 2044 834 2124 eonuorersijs,
862 2064 935 2127 quoe
956 2059 1051 2111 unes
1087 2080 1090 2087 ·

99 2128 214 2191 tfuito
235 2127 354 2187 rninoris
382 2127 515 2184 momenti
543 2135 640 2196 eruut,
669 2145 751 2206 quarn
773 2146 846 2207 quoe
868 2127 950 2189 ruodo
974 2129 1051 2193 Ger·

99 2228 143 2273 ιιι
156 2219 345 2281 eunrnoveut,
368 2227 433 2268 rese
447 2207 610 2280 inbuerint,
632 2219 664 2268 ut
675 2207 886 2290 huudquequsru
903 2209 1050 2290 indignum

99 2295 217 2367 rrsrinr,
240 2290 338 2353 eudem
360 2293 462 2352 iteruin
483 2310 517 2351 er
538 2293 624 2350 tertio
644 2293 674 2351 in
694 2289 917 2372 disquisitionem
929 2313 1048 2365 vorare.

99 2376 402 2477 qnieonsyderaverit,
427 2385 457 2434 ιιι
470 2372 554 2437 uodo
571 2392 623 2437 res
642 2372 803 2447 habentis
822 2374 952 2439 ustiure
971 2370 1049 2441 houd

99 2470 136 2536 rt,
157 2458 243 2521 bodie
263 2461 372 2519 rnriore
394 2455 461 2530 fide,
483 2457 635 2536 grurime,
657 2456 873 2521 mensuetudiue
895 2457 1048 2527 rudente-

99 2562 119 2619 ι,
137 2541 176 2605 nd
190 2541 239 2616 id,
268 2552 300 2603 ut
320 2541 429 2602 Christi
457 2541 560 2620 religio
578 2542 619 2607 ,ἰιι
642 2559 723 2601 suurn
751 2541 843 2604 ioourn
865 2544 1047 2621 restituatur,

99 2644 190 2710 ene,
207 2645 289 2706 quum
312 2636 395 2686 nnter
423 2644 555 2711 unquam.
599 2622 746 2703 Siquidem
768 2644 856 2704 penes
888 2645 940 2687 nos
961 2627 1049 2689 Veri·

99 2721 152 2789 ist,
166 2709 241 2790 qnod
261 2708 414 2768 indubitato
436 2705 589 2780 oredimus,
612 2717 717 2787 quanto
736 2727 843 2788 quseso
864 2719 993 2791 ternpore
1015 2723 1048 2774 et

99 2812 208 2876 oopus
229 2794 335 2865 fuerit,
362 2802 393 2852 ut
418 2810 481 2851 erm
510 2802 687 2871 cognoscunt
706 2802 737 2852 et
766 2791 813 2866 hi,
845 2793 908 2853 sine
926 2813 1048 2874 quorun

99 2894 178 3021 ”u
192 2875 579 3021 :stutesburiae
596 2894 659 3019 Τ.
676 2872 961 3038 rii·r·..u³:·⁰
978 2889 1046 3022 ‚C

99 3040 162 3109 md
181 3044 311 3123 ignaram
328 2979 522 3120 diiigdntirnr,
544 3060 598 3103 ner
618 3040 706 3101 breve
719 3051 841 3121 ternpus,
861 2978 1043 3120 resmeeet,

99 3147 107 3191 ι
131 3127 206 3189 rien
233 3134 403 3187 rororenbur
429 3134 471 3185 tot
497 3124 640 3185 hominum
663 3124 760 3185 mitiis.
803 3123 896 3199 Quen
921 3063 1045 3207 ddum.

99 3252 104 3280 .
133 3220 166 3272 et
192 3219 303 3291 tenpus
328 3209 473 3271 insunere
497 3206 532 3268 S.
565 3205 612 3268 M.
642 3204 682 3270 T.
711 3217 769 3268 un
796 3226 854 3269 ron
878 3206 1045 3286 dedecebit,

119 3312 173 3375 per
190 3303 236 3354 est
255 3304 284 3354 te
305 3292 368 3351 eius
391 3309 462 3369 erge
481 3308 534 3350 nos
549 3291 672 3351 sninurn
688 3289 839 3364 exhibere,
860 3292 941 3353 euius
959 3294 1046 3357 nobie

99 3377 245 3458 inpetus,
271 3374 340 3437 iesu
367 3372 477 3434 Christi
504 3374 596 3435 nostri
627 3374 750 3434 ornniurn
775 3376 942 3439 servatoris.
985 3376 1047 3452 Qut

99 3458 155 3521 boe
171 3461 265 3521 suino
284 3459 398 3519 venerit
415 3474 555 3537 quaerere
566 3466 606 3517 ·et
625 3457 733 3519 rutrum
757 3457 854 3519 incorr
871 3457 947 3538 quod
967 3461 1046 3541 peri·

117 3553 152 3605 ιι
169 3562 223 3624 pro
243 3539 446 3613 restituendis,
474 3541 523 3619 qui
546 3550 631 3602 erent
659 3538 778 3621 perditi,
810 3552 930 3603 nortem
958 3544 1045 3607 etirn

99 3626 188 3700 ierit,
209 3646 266 3688 non
286 3635 333 3686 est
352 3635 384 3684 ut
403 3623 438 3686 S.
460 3620 507 3683 M.
534 3625 572 3684 Τ.
594 3634 731 3704 gruretur
751 3625 864 3686 etisursi
888 3623 1046 3710 iqdubitrto

99 3719 140 3782 rt,
170 3727 224 3770 uos
248 3728 268 3770 r
291 3709 411 3770 veritete
437 3705 598 3779 excidisse,
620 3708 773 3785 nonaginta
794 3727 896 3769 neren
924 3729 994 3771 oves
1013 3713 1046 3774 in

99 3804 134 3853 to
161 3792 345 3871 relinquere,
374 3801 404 3853 et
432 3791 616 3851 centesimum
648 3808 788 3868 quaerere
821 3791 906 3871 inque
935 3791 1046 3855 Christi

99 3896 126 3938 ιι
145 3874 303 3947 reducere,
322 3876 377 3953 hoq
399 3884 465 3946 est,
487 3873 603 3952 quaeue
623 3871 679 3932 niis
703 3871 769 3934 huie
787 3875 907 3953 negorio
928 3876 1045 3955 posthu-

122 3970 155 4019 ut
175 3959 257 4019 nobis
277 3957 429 4036 quuuriibet
445 3957 542 4036 poueis
564 3964 594 4014 et
618 3953 782 4029 humilibus,
806 3955 916 4016 Christi
941 3977 1043 4019 seusus

99 4041 215 4121 nguiis,
237 4060 309 4122 quae
330 4040 413 4101 modo
434 4047 693 4109 controvertuntur,
713 4057 751 4097 ex
771 4040 920 4117 seripturis
939 4036 1043 4101 diiuri·

100 4136 133 4186 et
152 4136 234 4186 eerto
258 4135 426 4205 exponatur.
469 4119 534 4181 Nos
556 4131 637 4181 uerte
669 4119 776 4180 dociles
800 4123 926 4192 erimus,
949 4123 1044 4183 aberit

99 4209 305 4287 rperviestia,
332 4206 416 4267 nodo
441 4224 539 4266 vorem
568 4201 669 4264 audire
695 4203 783 4265 iisset
808 4205 930 4284 pastoris
951 4208 1043 4267 nostri

99 4289 227 4367 Christi,
247 4302 278 4357 et
299 4289 464 4373 seripturis,
492 4305 566 4370 quse
585 4285 689 4349 docent
707 4286 841 4370 quiequid
856 4287 962 4351 bunun
980 4298 1040 4365 est,
