2648 4928
114 307 126 326 ·
204 308 206 313 ’
317 303 373 373 lle
394 303 535 400 materia
560 305 763 374 concionum.

125 493 234 554 autea,
262 483 369 562 passim
394 500 448 562 per
473 481 656 544 Germaniam
684 483 801 544 tractari
828 484 990 565 coepisset,
1019 497 1051 549 et

101 578 135 627 ut
157 566 245 641 alibi,
275 567 313 625 ita
340 575 372 624 et
398 563 473 644 apnd
495 585 569 641 nos,
597 566 731 646 pleraque
757 567 907 646 religionis
933 569 1050 633 noemae

99 661 148 711 uta
170 651 245 709 inter
264 648 406 721 cruditos,
427 659 457 709 et
477 669 528 709 eos
552 651 683 721 maxime,
704 652 753 730 qul
768 648 889 712 docendi
903 640 1050 718 Chrislunr

99 733 204 811 clesija
225 732 317 792 locum
339 732 517 804 obtinebant,
549 733 702 812 publicitus
723 734 791 806 iam,
817 744 847 795 et
867 732 961 796 iudica
981 755 1052 815 gra.

99 825 399 893 controverterentur,
433 813 555 894 indeque
578 827 608 876 nt
626 836 747 877 necesse
770 826 851 890 erat,
881 815 988 879 Satnna
1008 820 1052 881 vis

99 912 122 960 st
142 919 224 960 suum
246 918 357 979 quoque
379 900 553 977 negocium,
568 972 570 977 Ι
586 910 708 980 agente,
738 901 840 980 vulgus
861 902 1051 980 pugnantibus

99 983 202 1044 onibus
231 982 378 1042 admodum
405 981 575 1062 periculose
593 981 793 1056 scinderetur,
824 983 1050 1064 cunsydcrantes

112 1066 207 1127 Divus
227 1065 335 1126 Paulus
357 1067 477 1140 scribit,
505 1066 682 1145 Scripturam
701 1067 837 1128 divinitus
866 1068 1047 1147 inspiratam,
1146 1067 1150 1078 '

99 1170 111 1210 a
134 1169 202 1227 esse
224 1147 261 1209 ad
281 1148 456 1222 docendum,
481 1149 517 1211 ad
540 1150 613 1222 hoc,
635 1162 666 1210 nt
686 1151 734 1211 uhi
754 1160 902 1232 peccatum
925 1152 973 1223 sit,
995 1150 1048 1212 de·
1080 1223 1083 1227 ¹

99 1231 220 1304 mdatnr,
243 1243 275 1293 ut
295 1236 465 1313 corrigatur,
489 1245 520 1294 ut
540 1235 654 1294 iustitia,
670 1236 789 1315 quisque
816 1235 968 1307 iormctur,
991 1254 1048 1315 quo

99 1336 177 1377 aomo
199 1316 478 1390 absolutus-evadat,
500 1319 557 1377 iam
577 1315 614 1377 ad
634 1338 718 1378 omne
740 1337 812 1398 opus
839 1319 943 1377 bonum
963 1337 1053 1397 uppe-

118 1411 240 1481 nrgente
261 1403 347 1460 etiam
369 1421 433 1473 nos,
456 1420 623 1480 omnemque
644 1420 751 1462 moran
766 1399 963 1474 rescindente,
985 1420 1050 1461 cum

114 1485 257 1556 numinis,
283 1495 341 1544 tum
363 1496 444 1544 certo
464 1484 653 1564 Reipublicae
674 1495 793 1546 nostrae
814 1484 966 1565 periculo,
988 1494 1051 1545 tan·

99 1567 293 1627 mandavimus
314 1567 371 1646 ijs,
394 1570 443 1647 qni
462 1567 651 1629 concionandi
672 1565 747 1647 apud
770 1588 823 1629 nos
845 1586 964 1627 munere
985 1566 1050 1627 iun·

99 1661 176 1724 rtur,
204 1662 235 1711 ut
254 1651 324 1710 nihil
354 1650 430 1711 eliud
457 1672 537 1731 quam
560 1670 633 1731 quae
660 1653 751 1712 sacris
775 1652 867 1711 literis
889 1661 940 1709 aut
959 1651 1052 1710 conti-

105 1755 133 1808 r,
154 1746 203 1795 aot
223 1746 303 1794 certe
326 1735 471 1809 nituntur,
494 1754 512 1795 e
533 1744 669 1824 suggestu
691 1731 843 1795 ducerent.
887 1732 1052 1807 Videbatur

100 1837 138 1878 ne
160 1819 242 1878 nohis
262 1815 338 1877 haud
358 1816 515 1896 indiguum,
538 1838 574 1878 co
595 1818 624 1877 in
647 1816 1052 1884 illutanto‘discriminecon·

99 1920 136 1973 e,
160 1921 215 1981 quo
237 1902 428 1979 confugerunt
454 1903 518 1961 olim
542 1913 571 1969 et
591 1920 722 1982 semper,
745 1922 802 1962 non
822 1902 912 1962 solum
930 1901 1052 1962 mactis

99 1983 227 2057 Patres,
249 1983 405 2063 Episcopi,
428 1996 458 2044 et
477 1984 649 2062 Principes,
675 1985 726 2045 sed
748 1985 868 2066 quilibet
887 1985 971 2045 ctiam
991 1985 1053 2063 pri·

114 2087 216 2148 nempe
245 2068 282 2127 ad
310 2068 508 2128 authoritatem
531 2070 691 2146 scripturae
714 2088 848 2129 arcanae.
891 2065 940 2127 Ad
968 2087 1051 2146 quam

98 2151 175 2211 iores
206 2150 506 2210 Thessalonicensibus
547 2151 671 2210 auditum
711 2150 821 2211 Christi
863 2149 1051 2228 Evangeliuur

99 2252 196 2307 unsre,
219 2232 310 2294 Divus
332 2233 428 2296 Lucas
449 2253 512 2293 cum
537 2230 620 2292 laude
642 2234 754 2293 illorum
773 2244 921 2304 memorat,
945 2234 975 2296 in
996 2250 1052 2311 qua

99 2337 124 2378 as
145 2337 253 2378 summo
279 2316 373 2376 studio
401 2318 511 2378 versari
542 2336 620 2375 suum
641 2316 825 2377 Timotheum
853 2314 956 2385 voluit,
988 2316 1051 2374 aine

119 2403 308 2478 authoritate,
335 2401 405 2460 nulli
425 2401 582 2461 Pontifices
609 2400 671 2459 suis
698 2397 823 2460 decretis
845 2396 1048 2470 obedientiam,

110 2496 207 2565 patres
236 2485 295 2543 suis
324 2485 437 2564 scriptis
459 2483 561 2554 lidem,
586 2483 654 2542 nulli
677 2480 798 2564 denique
818 2480 971 2560 Principes
989 2480 1050 2540 auis
1147 2488 1148 2491 ’
1223 2518 1228 2545 f
1297 2486 1299 2495 ⁴

98 2587 131 2628 us
157 2568 357 2627 authoritatem
379 2588 498 2649 unquam
519 2568 707 2647 postularunt,
730 2586 767 2629 ex
788 2586 842 2645 qua
864 2563 976 2625 demum
998 2562 1051 2624 dn·

99 2669 126 2711 aa
149 2671 246 2712 sacras
265 2653 429 2722 conciones,
450 2663 480 2711 ct
499 2671 629 2728 maguum
652 2649 735 2709 Sacri
758 2648 875 2729 lmperij
900 2647 1051 2715 concilium

99 2735 259 2814 unbergae,
288 2756 361 2794 anno
384 2735 494 2794 Christi
520 2734 564 2794 Μ.
589 2732 629 2795 Ι).
651 2733 761 2795 XXlll.
786 2733 959 2792 celebratum
984 2751 1051 2792 sau—

99 2864 101 2873 r
144 2820 177 2880 st
197 2819 271 2878 enim
296 2839 392 2877 verum
416 2819 507 2877 Divus
520 2818 626 2876 Paulus
646 2828 766 2877 testatus
782 2827 838 2888 cst,
857 2835 910 2896 per
929 2814 1051 2875 divinam

99 2913 188 2963 taram
211 2901 350 2961 hominem
370 2901 427 2961 Det
449 2903 560 2981 penitus
583 2902 703 2973 absolvi,
726 2912 810 2979 atque
830 2898 866 2959 ad
884 2916 1051 2976 omncopus

100 3004 125 3045 ar
153 2986 273 3059 instrui,
305 2987 374 3044 nibil
405 2987 510 3064 poterit
535 2987 561 3044 is
591 2986 720 3044 veritatis
751 2982 953 3054 Christianae,
980 2979 1053 3041 nibil

99 3071 168 3130 'inae
188 3069 318 3211 palmaris
338 3068 529 3150 desydcrare,
559 3070 727 3149 scripturam
756 3068 805 3148 qtti
833 3065 983 3126 consulere
1005 3082 1052 3125 re·

99 3171 124 3213 se
146 3163 190 3212 atu
210 3163 267 3212 eat.

102 3351 400 3412 sncnosnucru
421 3302 657 3424 uutmrurn,
680 3346 978 3424 msrnurouuu
994 3329 1053 3408 uo·

245 3435 426 3495 canuam
450 3435 626 3496 cuarsrt.
670 3434 761 3499 cnr.
783 3435 826 3496 tt.

105 3567 154 3627 Ex
174 3569 227 3629 hac
249 3571 336 3647 igitur
362 3589 424 3628 cum
453 3589 553 3629 sacrae
575 3567 649 3648 apud
671 3589 722 3628 nos
739 3568 893 3629 conciones
914 3563 1054 3624 duceren-

101 3653 694 3731 ablegatisperniciosiscontentionibus,
722 3652 742 3730 ij
778 3672 843 3712 nox
871 3649 972 3729 quibus
1000 3646 1053 3704 ali-

125 3738 240 3814 pictatis
272 3735 392 3794 studium
429 3748 508 3808 erat,
545 3736 656 3795 Christi
687 3733 844 3795 doctrinam
880 3744 911 3793 ct
945 3729 1052 3790 certius

99 3822 190 3897 equuti
212 3829 290 3890 suut,
313 3830 343 3879 ct
362 3821 420 3879 vita
433 3821 593 3899 exprimere
615 3820 771 3878 ferventius
791 3826 959 3897 coeperunt,
979 3813 1052 3871 sicut

99 3904 151 3962 cati
173 3905 209 3962 ab
231 3904 284 3982 ijs,
307 3922 378 3983 quae
404 3903 543 3983 dogmatis
565 3900 674 3961 Christi
696 3901 769 3961 male
793 3910 892 3961 assuta
912 3906 991 3967 sunt,
1013 3894 1053 3951 ita

100 4006 114 4044 s
135 3987 306 4058 confirmati,
326 4006 398 4064 quae
417 3989 474 4045 illis
489 3989 614 4046 existunt
635 3996 837 4045 consentanea.
881 3982 961 4043 luter
980 3994 1052 4056 quac

99 4081 169 4143 sunt,
196 4090 268 4149 quae
283 4070 393 4129 Christi
412 4071 535 4130 ecclesia
556 4068 591 4128 dc
606 4079 788 4128 sacrosaacta
805 4064 898 4127 triade
916 4064 1054 4123 hactenus

99 4153 159 4224 idit‚
181 4172 282 4232 nempe
305 4174 389 4213 unum
409 4173 475 4213 csse
494 4152 650 4212 substantia
666 4151 771 4230 Deum,
782 4151 912 4218 Patrem,
935 4144 1053 4212 Filium,

99 4239 216 4314 piritnm
238 4249 379 4309 sanctum,
403 4257 456 4298 nec
476 4238 561 4297 ullum
583 4256 666 4317 qoam
694 4253 879 4318 persenarnat
901 4227 1056 4289 diteriflffl

99 4338 168 4396 tere.
212 4320 395 4384 Servatorcrn
416 4339 526 4404 qnoque
545 4332 672 4383 ammam
690 4319 796 4392 tm
806 4317 967 4387 Cbtiffls
984 4325 1057 4381 ⁰⁸!-
