2648 4928
123 282 202 358 202
475 290 668 361 Consensos
684 292 877 383 ligurinus.

122 482 234 522 nemore
249 468 337 537 polam
353 474 508 535 oemuntnr,
531 484 584 537 quo
602 470 661 523 loco
678 467 814 521 habendus
834 468 885 535 sit,
908 468 973 521 milri
990 484 1045 522 non
1061 474 1105 523 eut
1120 486 1226 527 neccaro

122 535 226 602 dicere,
249 535 311 603 orric
334 536 433 589 nomini
455 538 595 590 obscurum
619 543 669 589 est.
703 537 845 589 Caetemm
867 535 929 605 quio
952 553 1006 589 non
1023 537 1127 590 minore
1144 538 1226 593 rtud'u

121 606 178 655 turn
202 604 380 656 adtuendam
402 603 521 656 ueritatis
542 618 648 655 causam
671 609 726 654 turn
749 604 782 655 ad
810 604 950 656 fovendam
969 620 1061 672 pacem
1078 603 1225 661 incumbere

119 686 171 723 nor
187 670 273 735 deret,
291 687 369 739 quiam
386 670 523 739 utriusque
540 674 703 722 eversionem
720 671 828 722 molitur
844 670 940 722 Setrn:
962 672 1063 739 aliquid
1085 672 1138 726 liec
1157 673 1185 727 iu
1197 688 1224 727 rt

121 738 276 791 tentandum
299 754 360 789 erre
383 737 466 807 duxi,
485 737 649 804 integerrimi
672 742 700 789 et
720 752 783 789 rere
805 738 961 790 observandi
984 740 1097 792 iratres:
1121 738 1223 795 ritem

120 805 262 858 mitescant
279 806 323 873 qui
340 805 468 857 hactenus
484 804 591 861 inerunt
605 804 734 870 duriores,
752 807 795 856 vel
805 808 900 858 saltem
916 812 947 857 ut
962 806 996 858 ud
1015 807 1149 859 domuum
1159 808 1223 861 eiur-

120 871 194 924 modi
210 874 350 925 cerebrose
372 870 460 951 capitu
481 872 532 940 pii,
557 888 650 937 prover
673 878 701 924 et
725 872 855 925 moderati
876 873 998 926 dootorer
1024 872 1149 928 instructi
1164 874 1220 927 uiul.

16 950 23 961 ·
52 934 57 945 '
118 942 207 1017 Atque
222 938 289 991 lroec
305 938 370 991 milri
393 954 450 991 rrae
468 945 509 991 ert
526 940 625 1007 optima
640 938 722 991 ratio:
749 939 811 1006 qnia
832 946 859 992 et
878 941 1042 1007 quorundum
1062 941 1164 995 eurilliu
1179 944 1220 995 ul·

118 1021 201 1059 noma
220 1013 263 1059 eet
282 1022 385 1058 rumora
400 1006 496 1073 prioris
513 1006 603 1074 scripti
621 1007 705 1059 nortri
723 1006 853 1072 irretitae,
877 1024 929 1060 nee
952 1008 1132 1061 dubitationes
1150 1010 1219 1062 etti·

118 1076 261 1127 multorum
277 1072 371 1126 animis
388 1072 484 1126 inlisae
494 1074 600 1141 penitus
615 1074 729 1139 revellit,
746 1090 780 1125 ne
797 1074 856 1141 quir
868 1077 1007 1141 scrupulus
1023 1083 1153 1141 muneret,
1168 1078 1219 1145 ple·

117 1140 179 1193 niue
194 1140 329 1205 adunanto
346 1148 462 1193 mentem
477 1148 595 1193 nostrum
612 1140 769 1209 exprimere,
786 1148 816 1193 ut
833 1142 927 1194 eudem
942 1142 978 1194 rit
992 1138 1217 1212 confertio'pluti·

118 1208 169 1260 bur
183 1208 271 1259 rerbiu
290 1208 457 1261 luculentior.
493 1210 642 1275 Exprobrnt
665 1209 742 1261 nobis
764 1208 825 1273 ille,
847 1209 949 1276 dequo
968 1210 1022 1262 ium
1037 1210 1117 1263 nimiu
1134 1212 1215 1279 mult,

117 1280 172 1327 tam
186 1274 325 1329 conirrsum
337 1291 396 1327 erse
413 1276 484 1328 inter
493 1292 540 1327 nos
551 1275 704 1343 opinionum
716 1274 804 1341 cliuos,
821 1281 851 1326 ut
863 1292 941 1329 nemo
958 1280 1069 1329 alterum
1084 1276 1215 1343 intelliget.

116 1341 198 1409 Atqui
215 1359 266 1409 ego
283 1342 324 1395 sic
340 1348 428 1394 restra
444 1345 561 1395 omnium
579 1358 658 1394 sensa
679 1342 743 1395 milri
759 1349 850 1394 tenero
869 1343 975 1410 uideor,
992 1352 1023 1396 ut
1038 1344 1105 1397 nillil
1121 1344 1214 1397 adole

116 1424 162 1462 me
182 1406 226 1462 hie
257 1408 362 1463 ›ositum
377 1409 461 1463 sumre
485 1411 630 1476 confidam,
649 1426 726 1477 qurum
750 1411 820 1488 qnod
841 1409 937 1475 singuli
962 1418 1077 1463 uernum
1102 1408 1212 1477 redunt

30 1494 33 1499 ·
116 1484 216 1529 ment.
275 1492 311 1529 on
326 1477 399 1529 enim
422 1477 539 1531 dictandi
559 1478 602 1529 rel
623 1478 767 1545 praeeundi
787 1484 877 1543 parter
894 1478 957 1530 milri
974 1493 1088 1545 arrogo,
1109 1482 1156 1531 red
1170 1478 1212 1531 lut

115 1544 178 1610 lege
194 1560 283 1597 meum
301 1544 456 1612 obsequium
472 1543 573 1603 desero.
590 1550 621 1595 ut
630 1543 731 1596 arbitrii
748 1544 829 1597 rostri
846 1544 882 1597 sit
900 1551 1017 1597 statuere
1035 1546 1158 1614 quidnam
1170 1560 1211 1597 er·

115 1610 215 1679 pediti,
248 1612 326 1668 Quod
352 1630 385 1665 eo
407 1612 516 1665 meliore
538 1610 635 1663 fidncia
657 1627 798 1677 aggressus
819 1628 891 1675 sum,
914 1613 975 1679 qiua
992 1618 1021 1664 et
1044 1630 1095 1678 ego
1113 1610 1210 1666 :nube

115 1694 175 1731 euin
192 1686 327 1747 expertus,
345 1687 374 1732 et
389 1694 436 1732 ros
453 1681 525 1732 claro
539 1679 697 1730 documento
714 1684 838 1730 testatum
855 1678 963 1744 fecistis,
983 1679 1097 1732 similem
1107 1682 1208 1732 lubere!

115 1746 199 1799 libere
221 1746 267 1815 pia
283 1747 424 1800 sedulitate
442 1763 459 1798 c
475 1763 519 1799 me
543 1752 694 1813 ritroeptum
715 1746 789 1797 rolris
815 1748 930 1814 probari.
965 1748 1058 1799 Valcte
1082 1746 1170 1817 optimi
1184 1748 1208 1797 ei

114 1812 1207 1949 :tltefflt'tlsfti‘tudtee'selenitis'etsllel‘ttltdlffi

112 1948 242 2003 eurem
262 1950 304 2005 13.
322 1949 381 2004 Col.
397 1947 561 2017 Decembris,
578 1948 720 2003 aterne.

746 2014 881 2079 Ioannou
902 2014 1051 2121 Guloirrus
1073 2026 1175 2080 uerte.

203 2232 569 2315 CONSENSIONIS
596 2236 820 2313 clrlrtuu
843 2236 1137 2315 EXPOSITIO·
1181 2336 1188 2353 .

175 2386 269 2462 Quum
283 2391 338 2469 piis
354 2388 484 2449 omuibus
499 2408 624 2469 raroque
643 2398 673 2449 et
685 2400 764 2449 recto
781 2387 885 2449 iudicio
898 2388 1035 2468 praeditis
1056 2402 1112 2451 tnm
1122 2384 1205 2449 olion

111 2469 220 2551 pridem
242 2485 322 2533 esset
341 2474 532 2553 molestaque,
559 2493 633 2553 quaro
660 2473 712 2531 bno
740 2484 836 2531 nostra
857 2485 951 2532 uertite
980 2486 1056 2532 motu
1075 2466 1206 2533 fronite

112 2558 305 2617 Sacramentis
329 2560 490 2628 contentio,
522 2577 601 2635 qurum
624 2558 796 2614 infoeliciter
825 2557 860 2614 alr
883 2576 915 2614 ou
938 2577 1105 2634 prosperum
1126 2555 1206 2615 Erar-

112 2640 179 2717 gelli
202 2660 315 2700 cursum
336 2639 442 2700 tardari
472 2640 622 2699 ridebant:
646 2661 700 2697 nou
725 2639 806 2699 niodo
832 2640 977 2698 corniurula
998 2642 1090 2720 aliqua
1112 2640 1205 2699 raliouc

111 2724 157 2782 rel
179 2725 314 2802 sepultam
331 2744 397 2785 esse
420 2725 465 2783 rel
485 2726 667 2803 compositum
688 2744 801 2800 semper
812 2735 955 2800 optarunt,
979 2724 1030 2783 sed
1052 2729 1080 2783 in
1104 2740 1207 2801 eaque·

110 2826 166 2885 quc
190 2806 315 2867 sedanda
336 2830 354 2868 a
375 2807 540 2887 quibusdam
572 2829 625 2865 uon
649 2828 744 2884 parum
769 2808 872 2864 lalmris
894 2809 1012 2883 posiluur
1036 2820 1092 2867 est.
1136 2798 1208 2879 Quod

111 2908 147 2949 ex
167 2902 234 2949 roto
255 2914 311 2951 nun
333 2894 462 2971 protinus
483 2892 638 2960 suecessit,
668 2891 695 2946 in
718 2908 750 2946 ea
773 2890 921 2959 tarditate,
945 2911 1025 2969 iprum
1047 2891 1161 2949 difficile
1177 2886 1209 2945 rit

110 2974 205 3052 ignem
225 2974 349 3036 Satanae
371 2977 491 3034 artilicio
513 2974 600 3032 semel
621 2992 771 3031 trecensum
794 2976 943 3051 restingui,
967 2977 1050 3032 triste
1070 2974 1208 3032 documen·

111 3068 169 3115 tum
192 3061 331 3136 apparuit.
377 3060 443 3117 lluc
465 3056 576 3136 quidem
597 3076 686 3134 usque
708 3059 863 3133 profectum
886 3070 949 3129 est,
979 3069 1008 3115 ut
1031 3057 1130 3116 sedato
1149 3074 1208 3115 unu·

110 3140 180 3199 nihil
201 3144 314 3202 lcrrore
335 3141 370 3202 ad
393 3141 549 3200 docendum
567 3142 656 3213 magis
678 3159 758 3215 quam
782 3141 816 3197 nd
834 3140 1009 3219 pugnandum
1024 3154 1207 3219 utrnqnepars

110 3224 220 3283 intenta
242 3228 327 3286 sorel.
372 3224 431 3286 Setl
453 3226 518 3303 quin
540 3223 631 3281 adime
656 3242 690 3279 es
719 3226 818 3301 sopitis
840 3225 1009 3281 crrrbouilurs
1031 3222 1149 3283 subinde
1166 3219 1206 3279 mi·

110 3308 213 3367 eribant
233 3309 385 3380 scintillae,
408 3307 539 3385 aquibus
563 3327 663 3363 norrun
684 3306 844 3365 incendium
863 3328 960 3366 rursus
975 3307 1128 3365 timendum
1139 3311 1205 3363 erat:

111 3390 184 3470 quod
207 3394 340 3471 optimum
363 3392 521 3471 putarimus
545 3388 698 3447 remedium
726 3412 777 3448 nus
798 3392 953 3467 'ligurinae
983 3402 1011 3449 rt
1041 3386 1206 3450 Geurrcrsis

108 3473 262 3534 Ecclesiae
290 3487 437 3553 pttstoreS,
466 3473 591 3532 adhibito
614 3474 697 3531 eliam
724 3476 827 3551 opliuro
856 3476 943 3533 srulre
973 3486 1070 3533 nostro
1094 3470 1205 3539 it'areiiss,

109 3560 215 3617 ailerre
236 3560 330 3616 conati
351 3578 459 3628 sumus,
483 3578 519 3615 ne
542 3577 595 3635 qun
620 3558 646 3613 in
670 3569 810 3633 posterum
835 3558 947 3616 residua
963 3569 1093 3617 rnrumret
1113 3557 1207 3615 diocor-

108 3640 173 3700 diac
196 3643 324 3700 materia.
369 3640 460 3700 Brcre
484 3639 679 3718 compendium
696 3641 846 3708 edidimus,
870 3641 942 3720 quod
967 3653 1093 3699 nostrum
1116 3640 1149 3699 dc
1163 3634 1207 3694 St·

108 3725 262 3783 crementis
283 3724 439 3785 doctrinam
462 3727 499 3783 ita
523 3735 661 3794 testatur,
687 3738 717 3782 ut
739 3745 911 3783 corrnuunem
934 3726 1051 3784 aliorum
1077 3734 1206 3803 posterna

108 3827 295 3880 consensum,
319 3812 365 3888 qui
389 3829 485 3887 purum
508 3806 694 3883 Evangelium
716 3808 789 3887 apud
812 3809 960 3867 llelrelios
986 3809 1151 3887 lllretosque
1171 3820 1207 3861 sc·

107 3902 246 3969 quantur,
274 3895 429 3953 contiueat.
474 3892 539 3950 lloc
567 3893 726 3950 testimonio
756 3895 784 3949 in
813 3894 950 3971 publicum
974 3892 1050 3950 edito
1079 3891 1168 3951 durtii
1185 3892 1208 3943 cl

100 3972 261 4033 'moderatis
284 3975 440 4035 hominihus
461 3976 544 4053 plane
557 3974 730 4033 satisfactum
755 3996 820 4034 csse
843 3977 922 4033 nobis
941 3977 1147 4055 persuasimus,
1167 3988 1208 4029 ut·

108 4058 211 4117 minem
233 4070 313 4119 certe
326 4062 481 4139 putarimus
497 4060 535 4116 ita
550 4077 703 4128 morosum,
725 4061 791 4136 quin
804 4059 929 4137 placatus
946 4063 1120 4140 ‹piicscerct
1144 4054 1208 4115 san

108 4151 139 4198 ut
159 4152 257 4219 postea
277 4144 445 4216 ridebimus,
469 4140 590 4201 dilucida
614 4142 671 4200 illic
691 4152 801 4201 constat
822 4146 944 4202 oninium
966 4165 1076 4213 rermn,
1100 4142 1136 4201 de
1155 4137 1207 4218 qui·

106 4208 160 4283 lus
181 4226 301 4287 antehac
324 4240 462 4288 certatum
484 4236 547 4295 est,
570 4223 715 4296 delinitio,
747 4244 818 4303 quae
842 4228 946 4287 uullrun
970 4229 1106 4285 sinistrae
1125 4222 1209 4302 suspi-

107 4310 183 4367 cioni
206 4310 298 4371 locum
320 4314 472 4392 relinquat.
515 4308 555 4368 Et
575 4308 713 4386 singulari
735 4308 792 4368 Ilei
812 4309 951 4371 benolicio
972 4312 1078 4370 lactrnu
1100 4319 1164 4381 est,
1185 4316 1210 4365 rt
