2648 4928
146 268 197 346 os
421 250 588 363 zungun
606 215 772 362 exposito
791 266 873 342 our.
895 268 987 343 mss
1026 276 1031 287 ·
1188 231 1193 301 ¹

146 453 185 513 sit
209 451 366 522 inlinitum,
388 460 419 510 et
433 445 567 536 quiequid
582 448 621 508 sit
640 448 779 508 inlinitum
801 449 886 509 otiam
907 450 946 509 sit
958 434 1191 551 actemurnsttq‘

147 546 240 596 autom
255 534 394 595 inlinitum
410 552 496 592 unum
512 530 771 612 modoequestssse
788 538 864 605 (narn
886 542 918 591 ot
940 533 1061 614 primum
1091 520 1193 595 adul*

147 618 218 679 duas
250 618 375 678 inlinitas
397 616 592 689 substractas,
621 626 740 696 utraque
764 615 844 676 linita
866 621 922 690 ost)
953 616 1008 674 iam
1033 608 1193 687 constat-1²¹

117 697 223 764 batn·
245 720 329 761 unum
350 720 385 760 ac
406 700 496 760 solum
514 696 596 759 deum
623 716 697 760 esso.
748 699 886 780 Sequitur
904 709 935 760 ot
952 700 1037 780 primi
1061 692 1193 769 articuffl

147 797 262 847 nostras
289 785 370 863 origo
398 783 462 843 lons
490 793 520 843 ot
548 781 777 854 fundamentum,
809 802 909 862 nempe
935 780 1011 863 quod
1040 802 1106 843 cum
1131 778 1193 845 dira

147 866 243 930 Credo
258 870 286 929 iu
302 886 388 927 unum
401 864 483 927 doum
499 878 607 947 patrem
617 868 836 947 omnipotentem
849 868 1007 927 creatore·
1022 866 1098 926 coeli
1112 876 1146 927 ot
1158 844 1193 929 ΕΙ

147 954 284 1014 Fatemur
303 961 334 1011 st
352 950 549 1011 adseveramus
572 970 623 1009 nos
638 950 815 1010 infallibilem
836 950 943 1011 hallero
958 949 1064 1023 iidem,
1085 960 1118 1009 nt
1138 950 1193 1033 qu!

115 1037 205 1101 ¹buno
231 1054 266 1095 ac
292 1034 353 1097 solo
381 1030 510 1095 creatore
541 1034 622 1093 lirma
653 1036 801 1094 consistat.
852 1034 961 1095 Gentes
989 1044 1019 1094 ot
1043 1034 1124 1114 impii
1140 1036 1189 1117 qr!

149 1121 198 1201 qui
220 1128 352 1179 creatura
366 1117 471 1191 fidunt,
496 1118 580 1178 lateri
598 1129 738 1198 coguntur
758 1114 834 1198 quod
848 1138 901 1178 sua
916 1117 972 1177 lido
986 1117 1032 1178 vol
1053 1118 1188 1198 opinions

148 1201 269 1284 possint,
285 1221 348 1261 cum
371 1213 504 1263 creatura
525 1200 625 1287 bdput.
670 1201 729 1275 Qut
749 1212 843 1261 auten
867 1212 998 1263 creatora
1025 1220 1060 1260 ac
1081 1208 1189 1263 rorum*

24 1346 27 1351 ,
150 1288 226 1346 nium
255 1286 413 1366 principio,
437 1283 513 1367 quod
540 1304 680 1365 nunquam
700 1286 796 1365 eoepit
821 1284 872 1345 scd
891 1286 948 1345 alia
976 1282 1131 1365 produxit,
1159 1282 1192 1353 l·

120 1370 181 1434 tbi
196 1370 327 1430 convinci
347 1370 454 1429 erroris
477 1378 631 1450 nequount.
675 1365 795 1427 Constat
814 1379 846 1429 et
863 1367 949 1442 istud,
973 1366 1049 1448 quod
1071 1366 1190 1451 quieth

151 1462 283 1514 ereatura
301 1472 358 1513 non
375 1454 464 1533 possit
478 1452 561 1513 huius
584 1453 770 1512 inconcussae
790 1470 824 1512 ac
845 1449 1020 1513 indubitatae
1039 1451 1193 1535 virtutitpl

151 1535 222 1598 fides
241 1547 297 1610 ost,
320 1536 460 1597 obiectum
482 1554 517 1596 ac
539 1533 749 1595 fundamentum
772 1555 847 1596 csso.
891 1535 1088 1615 Quaecunque
1108 1536 1193 1597 saint

151 1629 255 1701 porunt
279 1639 363 1692 esso,
387 1617 538 1700 aliqnando
560 1639 616 1681 non
640 1620 773 1679 luerunt:
797 1638 860 1679 cum
883 1639 954 1698 crgo
977 1640 1034 1679 non
1057 1628 1189 1693 essenus

152 1701 236 1765 modo
263 1704 327 1785 quis
349 1705 488 1784 potuisset
514 1702 571 1761 illis
601 1701 689 1763 lidoro
721 1722 794 1784 quae
820 1702 943 1763 nondum
967 1706 1070 1762 oranti
1098 1701 1193 1783 Nono

151 1798 270 1868 possunt
290 1788 419 1852 naturale
437 1785 504 1847 lidei
524 1785 664 1846 obiectum
691 1796 741 1845 aut
768 1786 979 1847 fundamentum
1005 1804 1087 1858 osso,
1111 1796 1186 1867 quta

152 1880 319 1951 coeperunt.
364 1870 463 1930 Solum
486 1888 558 1949 ergo
579 1880 724 1929 aeternum
749 1870 888 1930 inlinitum
911 1871 1125 1949 increatumquo
1146 1866 1193 1933 bi

124 1956 250 2020 ducrum
270 1964 314 2014 est
331 1952 398 2015 fidei
416 1951 639 2015 fundumentum.
683 1950 817 2013 Concidit
838 1954 884 2014 hic
898 1955 990 2015 omnis
1009 1953 1124 2026 fiducia,
1146 1962 1193 2035 qu

153 2039 292 2098 electuris
308 2037 494 2099 sanctissimis
508 2036 553 2096 vel
573 2038 757 2097 sacramentis
773 2038 994 2117 religiosissimis
1012 2032 1190 2115 inprntsma'

152 2130 253 2181 tuntor
273 2120 398 2202 quidam.
433 2119 528 2181 Deum
543 2121 618 2179 anim
640 2139 704 2180 csso
719 2132 903 2202 oportetque
920 2121 1109 2181 infallibiliter
1126 2116 1192 2187 ΕΚ

152 2214 208 2266 ost.
251 2203 316 2265 Etsi
348 2215 480 2265 creatura
499 2202 640 2264 lidendum
662 2214 723 2277 est,
754 2205 810 2264 ism
838 2215 996 2266 creaturam
1023 2221 1087 2265 esso
1113 2214 1193 2285 opu*

153 2297 322 2349 creatorem.
347 2287 380 2348 Si
395 2307 463 2349 vero
475 2289 671 2360 sacramentis,
694 2288 749 2348 iam
771 2300 948 2349 sacramenta
961 2287 1045 2349 deum
1059 2306 1124 2349 omo
1142 2304 1193 2369 opt.

85 2434 88 2439 ,
155 2381 263 2432 utnon
285 2382 393 2432 tanttun
417 2370 616 2432 Eucharistiae
636 2384 862 2446 aeramentum,
887 2370 938 2433 sed
964 2383 994 2433 et
1029 2370 1190 2451 baptism.

155 2474 297 2535 unumque
310 2456 452 2537 impositio
467 2453 599 2516 deussit.
644 2454 726 2531 Quae
746 2476 828 2537 quam
843 2455 966 2516 absurda
980 2456 1038 2516 sint
1054 2452 1193 2529 ductim¹

155 2539 210 2618 piis
231 2539 358 2611 alaribus,
383 2558 438 2599 non
459 2538 542 2598 modo
561 2538 649 2611 docti,
672 2537 723 2598 sed
743 2551 773 2598 et
791 2541 976 2618 intelligentis
999 2537 1121 2618 praediti
1142 2532 1193 2607 ind.

126 2621 284 2702 9possunt.
328 2623 369 2683 Ut
391 2642 462 2702 ergo
483 2623 625 2702 Theologi
647 2625 794 2683 veritatem
821 2623 939 2703 adsequi
965 2624 1090 2702 possint,
1122 2622 1193 2683 bnt

157 2704 300 2767 lucarnam
331 2706 452 2767 libenter
479 2706 684 2766 exhibebimus.
730 2705 801 2766 Cum
828 2706 944 2778 dicunt,
968 2705 1110 2766 Creatura
1129 2714 1193 2785 ,utar

156 2807 231 2860 esso,
255 2788 306 2850 sed
328 2791 389 2850 solo
411 2789 464 2849 deo
486 2789 655 2862 fruendum,
679 2788 749 2849 nibil
774 2790 851 2849 aliud
875 2789 973 2850 dicunt
993 2811 1075 2868 quam
1098 2798 1132 2849 ot
1150 2806 1193 2849 ιιι

157 2870 241 2931 modo
263 2894 315 2934 sua
338 2875 462 2955 ipsorum
491 2875 579 2934 verba
600 2894 656 2932 non
680 2874 870 2952 incogitantes
895 2875 1130 2933 transmitterent.
1151 2870 1193 2933 dit

156 2956 219 3015 solo
241 2954 295 3017 deo
323 2957 470 3017 fruendum
493 2968 555 3029 est,
585 2976 620 3015 oo
653 2975 764 3035 quoquo
785 2958 846 3016 solo
872 2955 1011 3015 fidendum
1042 2969 1107 3015 ost:
1135 2972 1193 3017 οοί

157 3035 299 3097 fidendum
318 3050 372 3110 est,
395 3060 450 3118 quo
474 3037 622 3098 fruendum
645 3050 707 3110 est,
731 3060 786 3097 non
809 3058 865 3118 quo
888 3037 1020 3098 utendum
1045 3050 1099 3098 cst.

110 3124 165 3190 10·
242 3120 282 3179 ll.
326 3119 372 3179 Ex
397 3121 460 3192 his,
494 3121 712 3180 clementissime
735 3120 819 3193 Rex,
849 3121 927 3181 claro
958 3119 1056 3192 tideo,
1089 3142 1143 3184 nos
1174 3138 1193 3183 1

130 3199 239 3260 .divos
263 3222 354 3281 neque
376 3215 553 3263 sacramcnta
573 3214 742 3263 exautoraro
772 3214 821 3264 aut
851 3205 914 3263 loco
943 3225 1073 3276 mouere,
1105 3218 1138 3267 ut
1156 3216 1193 3287 qt

159 3284 241 3346 uobis
264 3287 413 3366 imputant,
436 3284 487 3345 scd
501 3306 552 3345 suo
568 3287 597 3345 in
620 3286 684 3345 loco
699 3307 733 3346 ac
748 3286 885 3367 dignitate
902 3309 984 3346 manu
1010 3300 1109 3349 tenero
1130 3300 1193 3350 ete

107 3360 221 3427 lldiro
256 3388 292 3429 ns
322 3371 468 3449 quisquam
503 3370 546 3429 eis
586 3390 642 3429 non
673 3383 751 3430 recto
784 3382 891 3430 utatur.
942 3370 1098 3453 Dciporam
1132 3372 1193 3453 virg

157 3450 282 3513 Marium
304 3472 361 3513 non
385 3450 532 3512 adicimus
556 3454 737 3527 contumelia,
762 3475 825 3513 curn
852 3466 978 3513 vetamus
999 3457 1116 3535 λατρεία
1136 3452 1193 3516 adst

159 3533 210 3596 sed
231 3555 295 3596 cum
323 3537 351 3596 ci
372 3536 509 3596 crealoris
540 3537 713 3596 maiestatem
732 3547 817 3617 atquo
833 3540 985 3617 polentiam
1017 3516 1187 3613 tribuimus,

58 3656 61 3663 ·
109 3615 222 3701 l2ipsa
251 3640 391 3700 nunquam
412 3620 501 3679 l'erret
521 3617 726 3681 adoratorem'
755 3622 847 3682 Unius
869 3624 944 3682 enim
959 3621 1193 3703 eiusdemqusta

160 3712 205 3763 est
225 3704 315 3783 pietas
343 3700 417 3784 apud
447 3722 545 3763 omncs
573 3714 603 3763 et
631 3705 659 3763 iu
688 3706 835 3778 omnibus,
867 3708 933 3786 quia
959 3726 995 3765 cx
1032 3726 1088 3765 uno
1116 3702 1193 3767 eodm

160 3786 261 3869 spiritu
289 3797 356 3846 nata
382 3797 437 3846 est.
489 3784 600 3868 Noquit
626 3807 696 3869 orgo
724 3809 760 3849 uo
787 3792 908 3870 cogitari
929 3788 1041 3870 quidcm
1064 3787 1141 3870 quod
1170 3788 1193 3849 d

226 3956 250 4022 l)
266 3956 401 4011 Aeternum
419 3956 525 4024 proprie
540 3962 592 4021 rat,
691 3975 817 4026 uunquam
833 3960 941 4028 incoepit
957 3975 1026 4025 rrae,
1045 3966 1160 4013 uttam
1174 3974 1193 4013 a

160 4024 214 4091 {sta
233 4031 257 4076 et
279 4040 378 4092 semper
402 4025 451 4075 erit
474 4030 502 4074 st
524 4031 562 4075 ert
579 4040 649 4076 sous
668 4026 810 4078 dormitator
827 4029 896 4079 deus.
932 4026 1193 4149 Per-petulumeppqprd¹

159 4091 226 4211 ΕΜ
250 4107 305 4146 rm
324 4094 421 4161 coepit,
446 4090 491 4142 ord
507 4093 830 4159 commodaturum,
856 4096 943 4162 quoles
961 4103 1020 4146 susat
1038 4113 1089 4163 uoq

205 4175 236 4211 oc
259 4177 302 4225 ap.
323 4161 445 4224 Bullinp.
469 4160 498 4209 ia
517 4176 599 4225 marg.
618 4173 723 4227 exunt,
748 4166 843 4213 desunt
859 4178 922 4213 vero
941 4165 970 4212 in
986 4166 1048 4215 MS.
1065 4167 1175 4228 Turio„

161 4230 319 4280 auctoritato
343 4229 461 4291 reliquas
485 4241 587 4291 quoquo
609 4230 687 4279 omisi
708 4241 784 4282 notos
807 4231 976 4295 marginales.
992 4258 1027 4274 -
1050 4235 1087 4296 ιιι)
1103 4230 1193 4284 nst

163 4301 290 4367 oporteat.
305 4319 340 4341 ι-
357 4295 387 4367 ι)
404 4296 464 4347 tlt.
482 4294 575 4345 varie.
591 4295 672 4349 suun.
