2648 4928
271 304 304 367 '·
420 323 747 399 strenuorum
1016 274 1139 413 ros

89 502 180 567 tut-o
206 498 344 569 imm
372 513 500 564 natumm
529 503 560 563 in
587 500 705 565 cbristo
733 501 856 567 dirimam
875 524 988 587 passm
1007 520 1265 586 emerentia-

89 598 108 649 u
123 586 273 649 Cbrlstu'm
292 582 448 648 secuudum
462 586 611 648 bumansm
630 596 757 648 ortuum
781 588 874 651 adbuc
893 608 962 653 osse
981 594 1011 653 iu
1033 592 1088 657 boc
1110 578 1142 627 '⁰
1166 578 1251 631 ‘'m''

89 668 180 746 nudo,
194 690 197 695 '
213 666 344 753 sdcopnc
369 688 437 731 esse
463 669 579 751 ubique.
629 667 733 751 Neque
756 672 831 735 cuim
857 672 903 734 rcl
935 638 1263 759 scutimrrffdfr':
1289 710 1292 715 ·

89 756 102 817 l
127 750 264 817 mnu
295 752 444 815 scutetum
470 753 601 834 corporis
625 752 736 816 Christi
765 755 1011 821 sobrifiestionc
1034 752 1167 823 dem·
1181 756 1219 797 θ*
1232 762 1262 799 ¹·

89 838 159 915 irre,
180 848 231 899 aut
252 835 436 909 deificatam,
462 834 590 916 ideoque
611 835 653 897 sic
674 835 833 899 deificatum
853 857 935 914 esse,
964 852 997 902 ut
1017 863 1085 906 suns
1135 806 1216 865 ἰω

89 922 260 1003 opn'matcs,
280 919 373 1003 quoad
385 940 490 1000 corpus
507 930 537 980 et
557 921 691 994 animum,
711 920 890 999 deposuerit,
912 943 947 985 sc
966 946 1085 1005 prorsas

103 1014 234 1067 ntorum
258 1001 381 1065 divinam
402 1003 526 1077 abierit,
548 1018 661 1082 unaque
683 1003 818 1066 duntaxat
839 1006 998 1069 substantia
1018 1026 1084 1073 csso

89 1088 196 1171 sperit.
236 1084 278 1149 Et
291 1086 410 1169 proinde
431 1086 646 1169 Sebuenblcldij
669 1088 856 1168 similiumque
878 1090 1083 1171 lcptologurum
1106 1102 1201 1151 sceno

89 1182 204 1253 urgetis
230 1173 379 1251 argutias,
411 1171 575 1243 intricatas,
606 1171 820 1252 obscurasque,
846 1183 876 1234 ct
902 1194 1001 1254 parum
1028 1164 1273 1247 sistrum-l
1304 1190 1307 1197 '

89 1264 220 1315 mantes
245 1254 299 1315 bic
322 1253 359 1315 du
385 1274 418 1315 re
435 1253 668 1326 dissertationes,
697 1254 908 1336 bandqnaqnam
931 1253 1130 1338 probamus⁸¹t
1146 1248 1258 1299 “m

89 1348 104 1399 t
134 1338 311 1417 recipimus,
340 1357 433 1417 neque
458 1336 710 1399 Subueuklelliaoi
738 1358 835 1399 sumus
849 1342 892 1418 ⁸).
943 1340 1083 1406 Praetura
1127 1314 1216 1355 Μ’

89 1418 199 1483 odimus
219 1423 367 1483 Domum
387 1432 515 1483 nostrum
534 1425 626 1483 Iesum
647 1423 810 1496 coretum,
830 1444 898 1485 ocrc
915 1444 1033 1504 mucro
1053 1438 1085 1490 rt
1104 1446 1116 1490 r
1132 1446 1185 1492 rot
1198 1443 1222 1489 t.

89 1516 198 1567 utam
226 1524 288 1565 csrc
300 1525 360 1585 pro
376 1504 474 1577 nolis,
502 1506 577 1565 sicut
606 1503 709 1565 Petrus
730 1507 786 1579 ait,
818 1526 918 1569 curor.
962 1509 1081 1571 Abomi-

92 1608 156 1649 mnr
174 1587 383 1660 incubitnruru,
407 1599 436 1647 et
456 1589 577 1647 omnium
599 1588 768 1661 Tuscorum,
792 1592 952 1669 passionem
976 1592 1083 1654 domini

89 1673 269 1744 mutium,
295 1672 488 1753 impijssiruous
517 1673 670 1733 vesaniam.
715 1672 846 1732 iuterim·
861 1695 917 1734 non
947 1695 1084 1755 negamus

103 1758 255 1817 mro
272 1757 408 1834 glorius,
427 1755 510 1833 juxta
531 1754 619 1815 verba
639 1754 734 1827 Pauli,
756 1757 926 1837 mopiam
946 1778 1009 1819 csrc
1025 1780 1083 1840 pru
1106 1766 1190 1813 tcor,
1204 1766 1228 1813 s.

89 1838 148 1901 ἢ.
190 1836 266 1899 Nam
286 1839 567 1899 communicationem
589 1837 772 1912 idiomatum,
804 1842 1010 1921 exscriptoris
1032 1855 1256 1922 pecommnntn·

89 1940 147 1994 ιι,
169 1932 202 1982 ct
218 1921 256 1983 ab
271 1924 403 1983 universo
423 1932 562 1983 vetustate
581 1922 609 1981 in
629 1921 806 2003 explicandis
825 1923 1081 2007 componendisque
1089 1911 1124 1959 ¹¹⁰
1151 1914 1256 1964 ΜΨ·

89 2006 354 2086 tipturummlocis
380 2007 554 2084 inspeciem
577 2006 766 2085 pugnantibus
789 2019 983 2088 ursurpstsm,
1013 2010 1083 2069 reli·
1137 1974 1196 2019 ‘m
1237 2034 1242 2043 ·

89 2106 139 2149 osc
157 2099 189 2151 ct
208 2099 375 2150 reveremur
388 2087 420 2169 ⁹)
444 2090 596 2169 recipimus
618 2100 649 2149 et
671 2109 849 2167 usurpamus.

135 2170 290 2235 Credimus
311 2183 341 2232 ct
361 2170 494 2231 ducemus
517 2169 636 2233 eundem
655 2171 809 2235 Dominum
831 2183 959 2235 nostrum
986 2173 1079 2235 iesum
1088 2184 1152 2231 vera
1165 2184 1255 2234 cornu

89 2256 203 2319 bristum
221 2274 292 2317 vers
306 2274 356 2315 sna
371 2275 470 2327 cerne,
493 2256 521 2313 iu
539 2275 593 2334 qua
609 2256 761 2315 crucifixus
780 2268 809 2317 et
829 2268 955 2317 mortuus
973 2251 1121 2333 luerat,⁸¹
1153 2244 1255 2344 ''ml''

95 2340 211 2401 mortuis
233 2340 447 2409 resurrexisse,
477 2349 584 2397 utnon
615 2338 697 2399 eliam
721 2359 773 2418 pro
793 2341 902 2419 sepulta
923 2342 1078 2414 excitasse,
1093 2304 1247 2346 'ww'

89 2424 260 2503 stupis-itum
287 2443 339 2503 pro
365 2441 451 2481 cerne
480 2422 661 2499 suscepisse,
691 2421 743 2481 sed
776 2424 925 2484 veritatem
950 2424 1080 2503 corporis

89 2506 222 2569 oderim
266 2504 427 2584 Ergetium
446 2503 576 2583 discipuli
597 2506 658 2564 eius
672 2505 893 2579 arbitrarentur,
915 2525 948 2566 se
964 2504 1082 2567 Domini

89 2591 185 2651 iritum
204 2588 324 2663 uidere,
352 2589 465 2648 exbibet
486 2590 528 2646 eis
549 2608 646 2646 manns
668 2598 752 2667 atquc
772 2588 878 2669 pedes,
901 2588 1080 2668 stigmatibus

89 2674 152 2753 ipuc
170 2674 312 2733 clavorum
335 2683 364 2731 et
379 2674 429 2749 ¹⁰)
452 2671 597 2731 vulnerum
620 2681 751 2744 notetus,
773 2682 804 2731 ct
823 2670 918 2744 addit,
949 2675 1082 2753 Aspicite
1101 2688 1160 2735 buc
1174 2686 1215 2735 st.

89 2778 155 2817 urus
173 2777 254 2817 orcus
274 2768 304 2816 ct
322 2759 369 2823 ¹¹)
395 2758 483 2834 pedes
509 2775 601 2813 meus:
630 2756 698 2832 qsiu
729 2774 784 2832 rgo
810 2758 871 2834 r‘prsc
887 2776 960 2815 sum.
1007 2759 1080 2817 Con·

89 2852 178 2903 rctutc
206 2861 250 2900 ure
276 2851 305 2899 et
330 2842 438 2898 ur'rietu:
471 2841 537 2917 puro
566 2838 685 2915 spirtius
714 2857 831 2897 curnem
862 2849 894 2898 ct
925 2859 989 2899 ossa
1021 2858 1078 2899 ooo

90 2926 156 2997 ter,
186 2928 263 2985 deut
289 2925 390 2983 rnriletis
420 2944 462 2981 me
488 2921 605 2980 lubere.
656 2920 689 2978 ln
716 2920 814 2980 cadem
836 2921 884 2979 illa
917 2941 1004 2982 carno
1027 2928 1251 2982 universimo-

89 3007 197 3069 rdimus
214 3004 380 3066 ascendisse
394 3005 545 3064 Dominum
563 3013 689 3062 nostrum
702 3004 795 3064 lesum
814 3003 971 3076 Christum,
992 3024 1079 3082 snpra
1092 2985 1247 3090 ”fflw

89 3112 152 3153 rncs
165 3091 265 3151 rorlos
285 3090 486 3167 aspectabiles,
509 3089 537 3146 in
558 3088 647 3166 ipsum
664 3088 773 3146 coelum
787 3107 959 3165 supremum,
981 3086 1080 3148 sedem

89 3174 190 3236 lclicet
207 3172 266 3233 Dei
289 3174 377 3252 et¹²)
399 3173 554 3242 beatorum,
578 3169 613 3229 ad
629 3168 774 3230 dexteram
789 3170 846 3230 liei
868 3173 969 3250 patris,
992 3190 1078 3250 quoe,

89 3262 106 3319 ti
133 3270 163 3320 ct
192 3258 303 3336 gloriae
334 3257 542 3332 maiestatisque
573 3255 745 3314 consortium
775 3256 893 3334 aequale
922 3256 1078 3332 significet,

89 3344 197 3423 cipitur
224 3353 317 3399 tamen
346 3353 375 3398 et
405 3362 456 3418 pro
488 3340 550 3397 loco
580 3347 678 3409 certo,
715 3336 751 3398 de
780 3359 835 3418 qno
862 3340 891 3398 in
921 3337 1081 3415 Evangelio

89 3444 173 3507 pucns
186 3424 338 3493 Dominus,
361 3423 441 3495 dicit,
459 3426 498 3483 So
512 3422 655 3481 obiturum
671 3424 770 3481 struis
786 3434 960 3502 paraturum
974 3423 1078 3482 locum.
1101 3442 1167 3489 rou.
1181 3437 1221 3486 tt.

89 3508 112 3571 d
134 3520 166 3569 ct
186 3508 343 3588 Apostolus
365 3507 488 3578 Petrus,
514 3509 631 3583 Oportet
657 3505 816 3580 Christum,
840 3508 950 3586 inquit,
973 3507 1081 3565 coctum
1102 3520 1212 3568 Auos

89 3595 205 3671 rn‘pcrc,
228 3594 378 3670 usquead
405 3603 512 3670 ternpus
532 3590 723 3650 restitutionis
749 3594 880 3652 umorum.
925 3588 972 3648 Ex
993 3589 1082 3648 coelis

90 3688 149 3737 tem
181 3674 256 3735 idem
286 3674 334 3735 ille
361 3674 466 3736 redibit
492 3675 521 3731 in
550 3670 702 3743 iudicium,
734 3683 812 3746 tum,
842 3671 953 3752 quaudo
976 3691 1082 3731 summa

89 3762 110 3819 it
130 3760 158 3820 in
192 3755 294 3818 mundo
322 3757 548 3825 consceleratis,
575 3767 605 3813 et
631 3754 828 3815 Autiobristns
853 3767 986 3834 corrupta
1015 3755 1084 3816 reli·

89 3862 140 3904 one
171 3862 258 3912 sero,
287 3844 488 3921 superstitione
524 3839 723 3918 impietateqne
757 3842 848 3899 omnia
886 3839 1029 3919 oppleuit,
1056 3840 1206 3896 attinuit·

89 3929 197 4006 nguine
216 3936 300 4004 utque
318 3929 427 3986 flammo
441 3923 591 3984 ecclesium
612 3920 828 4005 crudeliterli)
849 3925 978 3982 vastarit.
1007 3919 1086 3980 Red-

125 4082 158 4149 8)
176 4096 255 4148 urour
268 4080 491 4145 Srburolsolrliuoi
505 4083 603 4139 sumnus]
613 4076 678 4129 haer
692 4077 769 4128 rerba
778 4076 873 4130 desunt
886 4077 913 4131 io
929 4094 1006 4131 macr.
1019 4076 1086 4130 Tur.

103 4158 277 4216 usurpatum,
301 4151 418 4215 rstipiosr
443 4156 466 4199 ot
490 4145 641 4213 rrurrrotrr]
666 4161 742 4196 mser.
760 4144 825 4196 Tur.
850 4156 1001 4216 usurpotour
1025 4145 1089 4195 rell·

89 4234 145 4281 nse,
177 4224 326 4269 rmereorer.
368 4219 412 4279 10)
436 4219 565 4266 cluwnuu
588 4218 625 4274 etl
653 4212 679 4265 lr.
699 4227 723 4262 v.
750 4212 845 4264 desunt
867 4214 895 4267 iu
921 4228 997 4267 mour.
1021 4213 1088 4264 Tur.

89 4290 100 4354 l
120 4300 202 4337 mser.
216 4284 282 4337 Tur.
295 4291 371 4351 orooro
387 4300 434 4350 pru
448 4291 481 4335 rt.
506 4286 548 4347 12)
567 4282 614 4330 ner·
630 4286 667 4345 etl
686 4280 783 4333 duent
798 4280 826 4336 b.
841 4298 867 4335 u.
885 4282 912 4337 in
929 4297 1007 4336 mocr.
1022 4280 1090 4334 Tur.

89 4368 98 4423 p
120 4352 151 4406 in
169 4366 249 4405 mcor.
266 4350 334 4405 Tur.
354 4350 431 4404 deest
447 4366 472 4404 r.
490 4350 633 4403 rmdolitrr.
