2648 4928
118 302 194 381 138
434 300 665 380 (interdicens
686 304 909 381 (ienevcnsis.

115 488 212 551 autri
228 497 260 548 rt
279 496 474 549 maturarum
493 484 712 561 confidentiam,
736 508 818 569 qoam
840 499 873 549 nt
893 489 922 549 in
943 487 1010 551 Deo
1030 499 1132 569 suopte
1153 506 1197 551 ιι

116 573 309 654 acquiescunt.
353 570 461 631 Verum
478 570 603 653 Spiritus
615 582 730 633 sanctus
751 573 1022 665 illuminationepsua
1035 592 1159 652 capaces
1177 594 1197 635 ι

112 653 284 736 ἰιιοΙΙμιιΜ
305 654 375 715 lucit
393 670 448 725 ea,
478 672 551 735 quae
572 664 684 734 captum
708 666 834 716 ιιοιιιιιιιι
863 657 954 736 longe¹
970 656 1077 739 alioqui
1106 654 1197 717 cxced

116 740 200 801 rent:
225 740 331 819 nosque
354 733 391 796 ad
412 746 518 797 certam
534 741 744 818 persuasionem
767 740 880 814 format,
904 736 1004 801 salutis
1025 741 1197 822 promissio·

115 821 250 885 cordibus
272 820 378 881 nutrit
399 812 586 901 obsignando.
696 848 699 853 ·
724 852 727 856 ·
971 856 974 861 ·
1130 854 1135 861 =

198 904 245 965 M.
287 902 366 981 Quid
386 903 468 965 nobis
488 904 557 965 lroni
577 906 670 966 oritur
688 924 726 966 ex
752 905 807 967 hac
828 902 902 979 lide,
931 924 1017 987 quum
1046 906 1136 971 sanet
1167 924 1197 971 a

114 989 261 1069 asseqnnti
281 989 397 1047 summi
517 1024 520 1033 ·
708 1010 713 1019 ·
835 1010 841 1020 ¹

199 1070 236 1131 P.
279 1069 419 1130 lustilicat
437 1090 489 1131 nos
509 1090 603 1131 coram
624 1070 709 1134 Deo:
732 1082 768 1132 ¹et
794 1072 849 1133 lrac
873 1070 982 1133 iustitia
1007 1070 1149 1135 haeredes
1176 1092 1197 1135 ι

114 1157 191 1219 vitae
214 1164 347 1214 ueternum
368 1154 448 1215 iacit.

198 1236 244 1297 M.
289 1233 502 1312 Qnidtmnnon
524 1238 605 1298 dmrr'a
625 1236 757 1317 operr'lua
770 1237 959 1298 instilicantur
977 1238 1119 1315 lrominer,
1143 1258 1197 1321 qu

116 1332 216 1384 sancte
236 1332 267 1381 ct
286 1322 454 1381 innocenter
473 1318 593 1381 vivendo
616 1321 773 1402 approbare
794 1340 825 1380 se
845 1320 911 1381 Deo
933 1320 1067 1383 studenti

198 1404 235 1465 P.
280 1403 313 1463 Si
340 1405 486 1483 qnisquam
518 1423 607 1484 nsque
636 1401 707 1465 adeo
729 1404 871 1485 periectos
899 1406 1092 1480 inveniretur,
1126 1406 1197 1469 merl

117 1488 230 1551 ccmri
253 1489 341 1547 iustus
361 1499 472 1567 posset:
495 1506 604 1559 rerum,
629 1508 713 1567 quum
734 1507 832 1547 omnes
846 1489 934 1548 simus
954 1501 1132 1569 peccatores,
1156 1508 1197 1559 ιι

116 1574 155 1633 tis
175 1570 265 1633 modis
287 1571 330 1631 rei
351 1589 446 1633 coram
468 1570 552 1645 Deo,
580 1569 694 1632 aliunde
723 1569 885 1653 quaerenda
915 1572 996 1632 nobis
1017 1584 1063 1634 cut
1089 1571 1197 1653 dignit

113 1670 188 1739 qtae
209 1675 261 1715 nos
281 1655 323 1714 illi
345 1655 489 1715 conciliet.
575 1650 580 1667 '
1187 1654 1192 1673 ''

197 1737 243 1799 M.
286 1738 395 1799 Verum
418 1740 495 1798 itane
516 1734 643 1808 sordent,
666 1747 696 1796 ct
716 1734 787 1795 adeo
809 1738 913 1798 nullius
940 1740 1024 1820 pretii
1044 1751 1113 1799 sunt
1131 1748 1197 1801 ou'

107 1822 259 1883 Merinum
282 1840 385 1901 opera,
408 1834 440 1882 ut
460 1821 580 1901 gratiam
603 1840 698 1879 coram
720 1819 784 1879 Deo
805 1824 961 1900 promereri
982 1828 1144 1902 nequeant?

197 1904 235 1965 P.
278 1904 438 1985 Principio,
460 1923 644 1985 quaecunque
665 1923 682 1962 a
705 1904 785 1962 nolris
806 1919 921 1965 manant
940 1917 972 1964 ut
992 1908 1090 1966 nostri
1109 1924 1197 1987 propr

116 1988 265 2062 dicantur,
287 1990 390 2049 vitiosa
411 1999 495 2049 sunt:
523 2007 559 2049 ac
578 1984 697 2070 proinde
725 1986 794 2047 nihil
814 2000 950 2069 possunt,
975 2008 1057 2069 quam
1079 1988 1148 2051 Deo
1168 1986 1197 2051 tli

108 2076 221 2155 pliccrc
242 2084 272 2132 ct
291 2070 328 2131 ab
352 2091 386 2132 co
407 2073 500 2132 reiici.

197 2155 243 2216 Μ.
285 2154 370 2215 Dicis
397 2174 487 2235 crgo,
525 2165 673 2234 antequam
702 2155 795 2213 renati
822 2154 909 2214 simus
935 2156 1140 2235 reformatique
1166 2154 1197 2217 D

114 2241 236 2323 Spiritu,
259 2240 330 2298 nihil
351 2258 434 2319 posse
449 2258 500 2299 nos
529 2257 611 2318 quam
632 2254 772 2318 peccare:
796 2237 1027 2316 quemadmodum
1049 2240 1197 2301 arbom

108 2344 170 2386 -ncn
191 2323 245 2382 nisi
268 2322 357 2382 malos
378 2323 487 2382 fructus
508 2322 627 2402 profert.
674 2319 790 2393 (Matth.
815 2323 846 2393 7,
872 2322 941 2401 18.)

105 2439 110 2447 ·
196 2404 234 2465 Ρ.
277 2403 400 2466 Prorsus
428 2406 468 2465 ita
494 2415 548 2464 cst.
591 2403 667 2463 Nam
699 2404 921 2484 qualemcunque
949 2406 1072 2485 speciem
1101 2404 1197 2467 habau

113 2493 143 2552 in
167 2490 258 2550 oculis
279 2489 433 2562 hominurn,
456 2489 529 2547 mala
551 2498 617 2545 sunt
636 2486 829 2561 nihilominus,
851 2486 1011 2568 quamdium
1033 2509 1085 2550 cor
1106 2510 1197 2572 pram

112 2585 168 2648 est,
191 2571 266 2652 quod
288 2574 438 2653 praecipue
461 2571 541 2631 Deus
562 2572 696 2631 intuetur.

194 2654 239 2716 M.
284 2656 361 2716 Mine
381 2658 541 2726 constituis,
566 2675 621 2713 non
643 2673 726 2735 posse
746 2674 797 2713 nos
820 2655 884 2712 ullis
900 2656 1007 2714 meritis
1025 2656 1118 2716 Deum
1141 2676 1197 2737 prat

112 2741 225 2810 venire,
250 2751 298 2799 aut
326 2758 481 2820 provocare
506 2740 569 2799 eius
590 2739 823 2809 beneficentiam
856 2740 922 2816 quin
960 2742 1051 2818 potins
1085 2740 1197 2820 quicqrrl

110 2835 251 2883 tentemus
272 2835 321 2883 ent
341 2822 541 2903 aggrediamur
563 2842 697 2902 operum,
733 2825 793 2882 irae
822 2841 855 2881 ac
877 2821 1048 2882 damnationi
1070 2826 1134 2884 eius
1155 2822 1197 2883 sul

111 2910 227 2969 iacere?

196 2988 233 3046 P.
279 2988 328 3046 Sic
350 2990 452 3047 sentio.
496 2988 596 3067 ltaque
618 2985 695 3046 m'era
711 3009 761 3047 sua
782 2987 976 3047 misericordia
998 2990 1133 3069 nulloque
1153 3010 1197 3071 opt

110 3092 172 3132 rum
201 3082 331 3151 respectu
356 3071 425 3143 (Tit.
449 3071 480 3142 3,
504 3073 551 3135 5.)
579 3091 630 3128 nos
660 3073 748 3147 gratis
777 3072 956 3150 amplectitur
981 3074 1009 3130 iu
1032 3072 1149 3133 Christo
1170 3094 1197 3133 au

111 3165 265 3233 ceptosquc
294 3152 398 3225 habet,
428 3154 504 3211 illins
534 3154 667 3211 iustitiam
699 3153 780 3211 nobis
819 3167 962 3234 acceptam
994 3156 1132 3230 lerendo,
1159 3178 1197 3219 ec

109 3248 206 3299 nosue
227 3246 313 3306 essct,
337 3247 453 3314 peccata
474 3256 541 3294 vero
565 3247 659 3294 nostra
682 3237 761 3295 nobis
782 3259 836 3296 non
861 3239 1033 3317 imputando.

192 3319 237 3379 M.
281 3318 414 3393 Qualiter
434 3338 503 3397 crgo
525 3316 596 3377 dicis
619 3321 765 3378 institicari
788 3342 839 3380 nos
861 3320 937 3381 fidet

192 3401 230 3461 P.
275 3402 415 3477 Quoniam
442 3401 507 3461 dum
536 3413 615 3462 certa
643 3403 737 3462 cordis
767 3403 870 3464 liduciu
899 3407 1095 3484 amplectimur
1124 3406 1197 3467 Esar

110 3485 179 3565 getii
200 3485 411 3565 promissiones,
436 3485 529 3559 liuius,
552 3504 634 3564 quam
657 3484 738 3561 dico,
770 3490 893 3549 iustitiae
914 3493 1121 3570 possessionem
1150 3511 1197 3570 qus

110 3566 258 3629 dammodo
276 3566 469 3648 adipiscimur.

192 3652 238 3713 Μ.
280 3652 347 3712 Moc
367 3672 437 3732 ergo
459 3653 517 3713 vis:
541 3652 694 3724 iustitiam,
728 3665 759 3713 ut
786 3653 867 3716 nolris
895 3675 947 3737 per
965 3655 1154 3737 Evangeliunn
1176 3678 1197 3717 o

110 3737 201 3798 lectur
221 3756 238 3795 a
258 3736 334 3808 Deo,
360 3739 400 3796 ita
421 3735 476 3797 lide
496 3756 515 3796 a
535 3735 615 3796 nobis
637 3738 737 3817 recipi.

191 3818 230 3880 P.
273 3818 324 3880 Sic
344 3830 400 3880 est.

190 3902 237 3963 M.
280 3902 390 3963 Verum
412 3922 449 3962 cx
471 3922 527 3982 quo
548 3923 599 3961 nos
620 3905 706 3963 semel
729 3904 874 3984 amplexus
893 3917 938 3966 est
951 3906 1043 3977 Deua,
1059 3925 1156 3965 annon
1178 3906 1197 3967 il

108 3998 227 4067 accepta
248 3996 314 4045 sunt
335 4007 433 4065 opera,
457 4006 528 4065 quae
551 3986 658 4066 Spiritu
681 4000 778 4047 salicto
802 4009 852 4047 nos
875 3989 1016 4067 dirigento
1036 3990 1177 4049 iacimus?

191 4068 229 4130 P.
272 4068 394 4129 Placent
414 4070 473 4141 illi,
497 4091 552 4128 non
576 4073 705 4151 propriae
727 4084 819 4131 tamen
849 4071 995 4151 diguitatis
1022 4074 1145 4146 merito,
1169 4094 1197 4133 sc

108 4165 248 4234 quatenus
268 4172 321 4213 sno
341 4155 439 4214 farore
463 4154 618 4214 liberaliter
641 4174 675 4214 ca
696 4153 839 4231 dignatur.

190 4236 235 4296 M.
279 4237 370 4321 Atqui
398 4256 484 4321 quum
506 4257 524 4298 a
544 4236 653 4319 Spiritu
682 4250 781 4298 sancto
801 4235 951 4321 prodeant,
974 4257 1067 4301 annon
1090 4240 1197 4307 favores

107 4324 327 4404 promerentur?
