2648 4928
527 296 710 371 arnono.
915 250 918 259 ’
1096 294 1177 395 779

54 474 267 561 probibentur,
297 474 370 535 aiios
391 484 425 536 ut
440 477 598 555 peritioous
614 476 823 559 fimbaboris
837 481 939 559 pigct,
966 484 1021 545 aiii
1046 484 1176 553 {dates

59 580 93 623 sc
112 579 209 643 parua
233 557 351 621 dicendi
364 557 513 640 facultate
541 562 683 635 munitos,
711 562 767 623 boc
787 565 885 624 onere's
904 565 1003 627 subere
1023 578 1175 631 recusant.

58 647 149 717 born
169 663 233 705 cum
254 663 310 704 non
333 662 430 703 omncs
460 646 622 724 aequaliter
647 646 783 719 cabant,
813 658 867 708 aut
895 650 969 710 iden
992 656 1123 729 possint,
1145 660 1177 715 ct

57 731 113 811 qui
128 729 214 789 bueus
235 745 341 787 causae
361 729 551 800 adversariis,
573 748 715 807 opponere
733 732 926 809 patrocinium
953 752 1035 793 suum
1055 744 1175 814 qmcnt,

57 813 169 883 nolent,
199 812 305 872 multas
333 830 383 871 res
408 830 511 872 sacras
535 813 650 873 sc‘ientio
680 814 778 873 r'acere
803 823 833 874 et
858 814 1013 877 obscurari
1034 818 1173 879 uidemus.

56 896 102 959 bit
123 897 177 975 qui
199 895 275 955 banc
299 913 417 956 caueam
443 895 621 976 mdeosensam
648 898 849 977 rebauerunt,
873 899 909 959 bi
930 910 1017 971 sunt,
1045 901 1177 981 adquae

56 980 184 1041 miuus
203 978 364 1053 adtinebat,
385 983 489 1059 arabus
510 990 544 1041 ut
563 980 621 1039 iam
641 983 707 1042 otim
718 982 875 1041 maioribus
894 985 1013 1055 nostris,
1036 986 1079 1044 ita
1097 1003 1176 1047 nunc

56 1062 142 1125 nobis
161 1082 272 1142 quoque
297 1064 352 1123 boc
372 1064 532 1142 impingere
551 1065 658 1125 crimen
679 1084 735 1125 non
758 1074 885 1137 cessant,
909 1067 985 1146 quod
1002 1070 1178 1137 Sacramen-

58 1155 110 1220 ta,
139 1155 173 1206 ut
199 1165 274 1225 quae
298 1148 375 1207 nobil
399 1148 439 1207 ad
462 1150 582 1207 salutem
603 1147 778 1228 conserant,
801 1158 1023 1210 contemnamus.
1066 1152 1114 1213 At
1122 1152 1176 1225 di,

57 1248 126 1292 cum
146 1248 183 1290 ea
203 1227 240 1289 ab
262 1231 438 1291 aduersariis
452 1234 565 1292 calcari
578 1234 745 1311 patiantur,
767 1233 853 1293 bueus
868 1235 1111 1310 potius-crambu's
1130 1234 1180 1296 rei

57 1322 139 1385 sunt,
162 1313 239 1393 quod
260 1315 343 1374 nobis
363 1315 533 1376 obtrudunt.
577 1318 651 1376 Nam
672 1317 745 1375 baec
765 1317 914 1388 manteia,
937 1336 1012 1396 quae
1032 1338 1071 1377 ec
1092 1318 1177 1379 Mli-

58 1398 105 1459 tia
125 1406 236 1458 tantum
258 1407 290 1457 et
308 1399 374 1457 odu'o
395 1401 424 1458 in
442 1419 495 1459 nos
507 1402 610 1459 evomit
623 1400 820 1471 aduersarius,
842 1401 930 1459 simui
944 1420 1008 1459 cum
1024 1398 1176 1480 patribus,

56 1480 138 1542 abas
166 1481 264 1540 multis
289 1485 482 1560 argoemenbs,
513 1484 693 1543 reoulsimus.
738 1484 905 1563 Siquando
931 1503 994 1543 cum
1015 1484 1180 1545 huiusmodi

57 1562 220 1627 bominibus
241 1564 277 1622 de
300 1565 346 1624 bis
364 1566 450 1625 rebus
471 1566 616 1627 disserere
635 1587 693 1645 pro
713 1568 830 1646 paiarn,
860 1576 892 1627 ct
914 1568 1003 1627 libere
1024 1586 1078 1627 usu
1099 1569 1178 1629 ueni

56 1657 120 1719 ret,
142 1666 199 1707 non
219 1666 337 1725 operose
360 1650 507 1726 equidem,
528 1669 576 1708 eos
597 1652 627 1708 in
648 1651 750 1711 borum
770 1650 836 1711 elbo
866 1670 928 1710 esse
953 1651 1175 1725 ostenderemus,

57 1732 115 1811 qui
132 1732 241 1790 acriter
261 1741 292 1791 et
311 1734 424 1791 curiose
434 1729 583 1810 festucam
603 1734 633 1792 in
655 1735 737 1793 oculo
760 1734 878 1794 Fratre's
901 1734 1042 1805 oe'dcrent,
1066 1734 1178 1795 oeten

57 1832 130 1876 uero
149 1814 179 1874 in
194 1817 316 1893 proprio
337 1817 436 1886 occulo,
467 1836 525 1877 nan
546 1817 809 1878 animaduerterent
815 1842 825 1877 c
856 1827 888 1877 et
903 1818 981 1877 nibil
996 1819 1067 1896 ipsis
1086 1818 1178 1878 malo·

57 1916 139 1970 runt,
162 1916 235 1977 quae
256 1908 348 1958 tamen
369 1919 481 1978 semper
499 1900 582 1960 nobis
602 1902 770 1973 manantur,
792 1904 984 1972 intentantes,
1004 1920 1060 1961 non
1077 1920 1178 1961 carce·

57 1998 133 2053 rein,
154 2000 212 2041 non
233 1984 358 2053 aculeos,
384 2004 441 2044 non
462 1986 589 2061 corbium,
606 2004 664 2043 non
684 1988 770 2045 etnam
782 1984 872 2063 jaces
893 1986 934 2043 ad
952 1985 1046 2043 latera
1066 2001 1179 2061 moue*

60 2072 119 2137 tes,
141 2066 196 2125 imo
215 2068 278 2124 sone
306 2068 392 2136 rica,
424 2076 454 2127 et
477 2067 627 2127 uerborum
648 2070 880 2139 concertatione,
903 2087 978 2146 quae
998 2087 1054 2127 non
1075 2069 1180 2129 decant

60 2148 261 2219 Christianos,
289 2149 342 2206 sed
373 2159 482 2209 tantum
510 2150 677 2210 certissimis
696 2154 868 2228 Scripturas
889 2151 977 2222 lacu,
1007 2160 1038 2211 et
1052 2170 1108 2229 per
1127 2168 1176 2223 ec,

58 2250 137 2311 quce
155 2233 214 2310 apsi
229 2241 386 2310 operantur
407 2241 438 2291 et
465 2243 576 2308 ageant,
604 2237 684 2293 etin
702 2234 858 2311 propatulo
880 2242 970 2305 sumt,
1004 2234 1061 2292 Deo
1083 2232 1181 2293 adiuti

55 2312 252 2392 efficeremus,
291 2325 324 2374 ut
350 2334 431 2374 suem
466 2317 524 2393 ipsi
548 2317 660 2394 cuipiam
687 2328 718 2376 et
740 2325 841 2376 errata
863 2314 968 2395 scteri
988 2325 1175 2393 cogerentur.

56 2398 119 2461 Ros
140 2408 201 2459 tota
222 2418 285 2458 cum
306 2400 444 2458 modestia
464 2408 495 2458 et
514 2400 631 2460 lenitate
649 2402 876 2479 transigeretur,
900 2407 995 2458 etrtos
1015 2416 1112 2459 oerum
1132 2398 1178 2461 di·

56 2498 129 2543 cetu
146 2502 203 2543 non
225 2481 394 2543 abnuerent.
1179 2504 1183 2509 '

146 2568 210 2626 Nec
231 2586 298 2625 aero
320 2568 352 2626 id
360 2566 468 2647 facere
487 2575 634 2644 optumus,
658 2576 693 2627 ut
709 2586 758 2625 eos
779 2568 810 2626 in
831 2576 1020 2645 contemptum
1040 2575 1073 2626 et
1094 2566 1179 2645 igno-

57 2651 180 2711 miniam
199 2670 341 2721 vocemus,
363 2651 415 2710 scd
435 2660 545 2709 tantum
566 2660 599 2710 ut
621 2651 748 2721 Christo,
772 2660 907 2730 tanquam
926 2668 1082 2728 germanos
1101 2651 1179 2711 Fra·

58 2742 127 2795 eres
151 2734 377 2811 iucrtscciamus,
407 2745 494 2812 utque
520 2735 679 2812 superioris
705 2736 781 2794 citae
797 2736 982 2812 poenitudine
1003 2733 1093 2805 ducti,
1114 2733 1179 2812 pri·

57 2819 157 2877 atinae
185 2819 324 2893 dignitati
349 2821 552 2879 restituantur.
595 2820 660 2878 Non
689 2820 762 2878 enirn
785 2820 843 2879 Dei
860 2820 961 2897 gratia
988 2817 1061 2875 adeo
1081 2834 1179 2877 sumus
1236 2856 1241 2865 ·

61 2901 249 2961 Christianae
270 2901 432 2982 affectionis
453 2911 597 2980 expertes,
619 2903 696 2982 quod
714 2921 767 2962 nos
788 2922 845 2961 non
866 2902 981 2961 illorum
998 2900 1176 2961 miserescat.

58 2987 240 3047 Praesertim
267 3006 329 3045 cum
359 2990 443 3046 ctiam
465 2987 611 3063 pubiicum
648 2987 707 3044 iliis
734 3005 769 3045 ac
796 2986 1005 3045 sanctissimum
1027 2982 1180 3043 Ecclesiae

46 3080 167 3129 'amous
190 3067 387 3128 demandatum
409 3072 457 3143 sit,
479 3072 531 3128 cui
548 3089 610 3128 cum
638 3088 695 3129 non
724 3070 927 3147 respondeant,
949 3070 978 3127 in
999 3086 1063 3127 sese
1082 3066 1180 3125 barm'·

61 3152 151 3215 bilem
179 3153 236 3210 Dei
258 3157 350 3223 orara,
384 3154 531 3212 mirabiles
562 3152 694 3212 tenebras
720 3162 749 3213 et
776 3155 943 3212 caecitatem
974 3150 1177 3231 experiuntur.

61 3236 141 3299 Hoc
160 3255 208 3294 eos
231 3237 352 3314 denique
371 3240 496 3296 ardemus
525 3237 560 3296 ob
589 3246 646 3295 tem
676 3238 803 3314 insignes
821 3238 917 3314 lapsus
935 3244 966 3294 et
983 3234 1181 3313 apertrbsimas

61 3338 202 3390 mores,
230 3338 249 3378 a
282 3318 355 3379 bona
391 3323 533 3380 bominum
563 3331 651 3398 parte
686 3321 865 3380 uehementer
900 3329 1074 3397 contemptos
1104 3334 1178 3377 csse.

64 3406 159 3483 Quom
186 3423 247 3462 rem
270 3401 424 3483 prosecta,
453 3424 551 3463 eorum
569 3423 659 3463 causa
685 3424 741 3463 nan
765 3404 886 3464 libenter
910 3402 1052 3463 audimus.
1100 3399 1180 3463 Unde

62 3506 132 3549 curn
157 3490 215 3547 sim
242 3489 296 3548 boc
319 3499 406 3567 pacto
433 3490 561 3549 homines
587 3508 662 3567 erga
684 3489 749 3547 ilias
768 3486 890 3569 affecti,
908 3504 1014 3567 parum
1035 3486 1093 3546 iilis
1102 3483 1185 3563 fidei

62 3569 185 3642 babent,
208 3582 237 3632 et
256 3575 306 3631 oin
327 3592 449 3651 conquam
471 3573 507 3631 de
528 3591 669 3653 quoquam
690 3574 804 3631 illorum
827 3572 896 3631 bene
922 3572 1049 3630 sentiunt
1067 3578 1120 3627 aut
1138 3566 1181 3626 ba·

64 3665 206 3738 quantur.
253 3660 315 3734 Qua
341 3660 453 3716 ratione
482 3659 572 3717 omno's
600 3675 697 3715 eorum
725 3657 889 3716 authoritas
918 3675 954 3714 ac
974 3655 1068 3732 ope'orio
1084 3649 1182 3729 pluri·

63 3758 144 3803 ntum
165 3741 323 3810 imminuta,
345 3744 507 3820 nulliusque
528 3746 585 3800 iam
597 3737 668 3818 stre
685 3744 773 3818 pensi
791 3742 870 3818 apud
885 3740 993 3819 piebem
1014 3746 1067 3795 cst.

151 3824 194 3883 Et
209 3825 389 3901 praedicatio
409 3825 499 3895 verbi,
522 3827 573 3885 cui
584 3826 697 3903 primus
709 3843 746 3882 ac
759 3844 885 3883 summus
895 3827 924 3883 in
939 3820 1080 3883 Ecciesiis
1091 3818 1183 3876 bonet

64 3924 134 3968 esse
154 3906 249 3978 debet,
269 3928 323 3986 per
344 3929 393 3968 eos
411 3919 509 3988 spreta
530 3912 615 3971 r‘acet.
655 3910 730 3968 Nom
750 3910 829 3967 sicut
846 3927 942 3967 eorum
963 3922 1056 3963 mores
1074 3910 1105 3959 ct
1122 3899 1184 3959 uita

65 3990 202 4063 ridetur,
225 3994 268 4050 itc
291 4002 319 4049 et
339 3998 429 4053 omnis
453 3993 685 4062 administratio,
715 4000 745 4050 ct
772 3993 887 4052 uerbum
908 3992 966 4049 liei
990 3985 1184 4045 contemnitur

66 4093 125 4137 nec
145 4077 225 4133 aedit
242 4077 320 4134 enter·
338 4076 465 4135 homines
476 4077 601 4155 fructus
628 4095 705 4134 suos.
753 4077 889 4135 Conscius
913 4074 996 4133 nobis
1022 4077 1067 4127 est
1088 4067 1182 4137 ΠΜ

66 4167 104 4219 ct
123 4160 244 4235 quinos
268 4161 353 4217 etiarn
380 4163 547 4238 exploratos
575 4160 694 4230 babent,
722 4159 808 4218 multi
833 4159 958 4218 homines
984 4153 1069 4215 bani:
1098 4165 1185 4231 quaa

66 4242 238 4320 cupiamus,
270 4263 326 4301 non
349 4246 441 4304 nonnus
468 4254 555 4322 atque
574 4246 697 4305 naiores
715 4244 824 4315 nostri,
857 4240 985 4302 omnibus
1004 4237 1063 4295 e'ib's
1082 4253 1102 4293 a
1124 4232 1184 4293 0⁶⁰

67 4325 162 4401 dari,
184 4335 217 4387 ut
236 4327 405 4408 resipiscunt
423 4329 596 4409 aliquando,
624 4338 654 4389 ct
672 4348 711 4390 ec
730 4329 826 4389 mimo
846 4328 995 4389 mritatcn
1011 4318 1185 4401 multem·
