2648 4928
346 319 401 388 lie
426 316 584 389 trinitate.
633 318 688 387 Do
710 327 860 410 peccate
984 324 987 337 '
1071 319 1190 412 789,

95 499 182 559 ritum
205 507 349 557 muctnmc
382 494 430 555 Ex
460 505 540 576 parta
567 493 679 575 quidem
700 516 907 576 personarum,
930 496 1036 560 habers
1057 496 1159 563 diacri-

95 602 129 654 ι,
157 600 195 641 ox
218 591 299 660 parte
326 598 395 640 vero
415 580 557 640 essentiae
570 597 604 637 nc
617 579 791 642 substantiae
812 583 1045 662 coaequalitatem
1066 595 1097 644 ct
1115 586 1160 645 iu-
1228 632 1231 637 .

95 666 277 725 a'nctiouems
302 662 336 723 lt
364 672 459 722 autem
482 660 554 721 fides
574 662 713 722 catholiea
732 674 763 724 et
783 663 914 726 Niccnae
934 664 1063 747 Synodi,
1088 668 1159 729 alia·
1231 732 1236 741 ,

95 766 162 829 aque
182 766 245 808 cum
267 746 322 807 hnc
344 744 419 805 idem
442 763 610 817 consensus,
634 743 751 807 decreta
772 758 802 808 et
822 750 1005 822 sanctiones,
1028 749 1159 813 Athana·

100 851 141 892 ue
157 831 303 891 confessio
324 848 376 889 sea
400 829 556 909 symbolum
578 840 679 908 aperte
698 841 849 891 testantur.

127 915 205 974 Hinc
225 915 311 974 etiam
332 912 454 984 doceat,
486 910 616 972 eiusdem
647 914 730 973 unius
753 912 811 974 Dei
832 933 966 974 summam
986 918 1156 996 potentiam,

95 995 210 1058 iantiam
231 1007 262 1057 ct
282 997 448 1057 bonitatem.
491 995 562 1056 Tria
577 1013 699 1075 -qttoque
723 998 965 1077 praestantissima
985 1001 1048 1059 eiua
1067 1019 1157 1081 opera

120 1082 187 1153 soii,
207 1091 238 1141 et
259 1079 329 1140 anili
349 1089 465 1159 practer
483 1098 548 1138 cum
565 1081 764 1158 congruentia.
807 1079 888 1161 Opus
910 1082 1155 1144 scilicetcreatio-
1260 1102 1263 1107 ·

123 1163 340 1244 redemptionis,
364 1163 590 1223 conservationis
611 1181 664 1224 sca
689 1161 932 1226 sanctificationis.
977 1164 1092 1227 Doceat
1110 1169 1156 1228 iu·
1233 1220 1236 1225 .

95 1266 141 1321 aa,
165 1247 241 1307 bunc
262 1246 353 1306 solnm
374 1264 473 1306 verum
495 1245 607 1318 Deum,
637 1248 666 1304 in
687 1267 743 1307 nna
769 1246 925 1308 divinitatis
952 1251 1099 1323 essentia,
1125 1262 1156 1312 et

95 1348 226 1392 tanarum
247 1331 373 1390 trinitate
392 1329 488 1403 beata,
511 1348 625 1410 semper
644 1327 830 1403 adorandum,
851 1330 1054 1405 venerandum,
1075 1353 1155 1394 aum-

95 1414 336 1496 pentecostis,
357 1412 465 1473 honore
488 1423 518 1472 et
538 1411 622 1473 tuoto
641 1412 810 1487 colendum,
840 1424 872 1474 ιι
898 1417 1022 1474 omnium
1053 1414 1155 1477 Domi·

95 1516 161 1574 sac
182 1498 294 1576 Regem
317 1515 473 1569 summum,
503 1497 531 1556 iu
558 1514 659 1558 aarum
680 1508 868 1576 nguautema
911 1497 959 1557 Ab
979 1516 1071 1578 coque
1092 1502 1154 1560 soto

95 1578 165 1642 dere
186 1581 300 1654 omnia,
320 1590 473 1659 aspectare
498 1589 529 1640 et
548 1590 659 1660 petere.
702 1580 747 1640 11Ιί
767 1581 822 1642 soii
844 1599 979 1643 summam
999 1583 1154 1643 subiectio·

95 1682 128 1738 ι,
147 1663 357 1736 obediaatinm,
383 1664 512 1723 timorem
531 1662 671 1743 iidemque
693 1663 902 1736 exhibendam,
932 1673 1018 1744 atqua
1044 1666 1081 1726 ot
1098 1667 1153 1727 hoc
1190 1721 1192 1724 ,

95 1764 148 1809 tam
165 1749 312 1826 religionis
325 1747 427 1807 coitum
444 1765 567 1827 syncera
578 1747 797 1821 observandum,
811 1759 841 1808 et
859 1746 890 1809 id
904 1746 1016 1828 quidam
1036 1751 1084 1829 qui
1096 1770 1156 1811 non>

95 1840 121 1904 ι,
141 1828 348 1891 damnationem
371 1830 425 1891 sibi
445 1831 606 1908 acquirere.
651 1829 867 1891 Deuteronomii
882 1842 976 1903 semo,
999 1831 1152 1894 Dominum

95 1930 132 1975 ιι
151 1925 230 1974 taum
250 1913 394 1986 adorabis,
417 1924 447 1974 ct
468 1915 544 1973 iilum
564 1914 654 1973 solnm
672 1914 763 1976 coiea.
807 1915 932 1988 lterum,
954 1914 1069 1995 Diliges
1089 1915 1152 1976 Do·

95 2014 141 2058 ιιι
161 1996 255 2058 Deum
276 2008 367 2069 taum,
390 2016 427 2057 cx
450 2007 511 2056 toto
531 1996 619 2057 eorde
640 2008 701 2071 tuo,
726 2007 757 2058 ct
776 1995 885 2058 extota
904 1999 998 2058 anima
1011 2011 1045 2059 'et
1057 2010 1152 2060 mente

94 2078 166 2141 citt
186 2081 215 2141 ia
238 2099 365 2153 samma,
391 2098 427 2139 aa
447 2079 596 2152 omuibus,
627 2091 683 2140 tam
712 2083 833 2142 internis
854 2100 936 2162 quam
958 2084 1086 2143 cateruis
1108 2085 1152 2143 vi·

95 2180 120 2226 ιι
142 2165 210 2225 tais.

119 2334 174 2394 DE
200 2332 385 2392 PECCATO
411 2329 467 2390 ET
489 2327 581 2389 81th
600 2328 758 2389 Favere
778 2330 836 2390 Aa)
853 2328 921 2390 stt!
939 2331 1070 2391 IPSIUS

466 2411 718 2473 contemne.

422 2547 671 2610 Arta'cttlus
708 2549 761 2609 IV.

117 2665 177 2727 liic
199 2663 323 2737 docent,
349 2684 385 2725 ne
409 2673 527 2743 peccata
548 2664 731 2742 ignoremus,
762 2681 919 2744 quaecum
941 2665 969 2722 in
991 2665 1150 2745 proximos,

113 2751 142 2810 ia
161 2748 254 2810 Deum
276 2749 462 2808 admittuntur
479 2758 510 2807 et
531 2747 612 2806 finnt.
1033 2776 1036 2780 ·

100 2831 256 2905 Ῥιίιιιιι,
280 2845 311 2892 ut
333 2832 462 2891 homines
486 2849 551 2890 sese
573 2831 601 2889 iu
623 2840 742 2910 peccato
773 2840 804 2889 et
826 2841 980 2910 conceptos
1000 2843 1030 2891 et
1051 2844 1146 2906 natos,

95 2936 118 2978 te
138 2908 204 2977 mox
224 2917 260 2976 ab
284 2918 345 2995 ipsa
371 2925 471 2975 natura
498 2924 529 2974 ct
553 2923 637 2972 utero
665 2922 833 2991 peccatores
864 2930 950 2985 essa,
974 2925 1005 2973 et
1028 2915 1149 2977 subinde

95 3000 149 3083 ipsa
170 3002 292 3082 pueritia
314 3000 406 3079 tegern
428 2997 506 3072 Dei,
534 2996 622 3056 corde
643 3007 673 3054 ot
687 3015 775 3074 opere
797 2998 1047 3076 praevaricantes,
1078 3019 1146 3079 pec·

95 3098 159 3147 nm
188 3084 261 3144 molo
287 3102 404 3163 pressos
431 3101 465 3142 ac
491 3090 625 3160 gravatos
655 3090 832 3158 agnoscant,
857 3081 897 3138 uti
925 3081 1060 3161 sumptam
1087 3095 1143 3143 est.

95 3169 184 3241 ainus,
206 3186 267 3227 cum
282 3166 318 3226 de
338 3168 420 3226 coeio
434 3166 616 3245 prospiceret
636 3181 723 3242 snper
745 3163 819 3223 iiiios
837 3162 992 3238 homiuum,
1016 3177 1048 3224 ut
1066 3164 1150 3227 vide·

98 3270 135 3313 aa
160 3261 258 3324 asset,
287 3252 334 3329 qni
356 3261 404 3309 aut
433 3258 565 3328 saperet,
594 3257 643 3306 aut
664 3247 786 3307 numinis
807 3265 904 3307 curam
929 3259 1064 3326 gereret:
1086 3248 1146 3311 flic

95 3352 131 3403 aa
147 3333 324 3405 deiecerant,
347 3352 445 3393 omues
466 3333 573 3410 pariter
593 3332 720 3409 corrupti
735 3339 812 3401 anat,
836 3330 928 3390 aniius
940 3330 1014 3412 qnod
1035 3344 1147 3396 rectum

97 3419 239 3489 iaciebat,
269 3437 305 3476 ne
327 3436 399 3475 uuus
428 3415 550 3494 quidem.
595 3413 723 3474 lterum:
754 3412 1037 3496 attellanarum
1058 3418 1146 3480 muita

95 3505 140 3564 itia
171 3503 314 3562 hominnm
336 3510 416 3560 esset
438 3509 671 3577 superterram,
707 3507 737 3556 et
763 3497 855 3557 omnia
882 3499 1018 3577 cogitatio
1047 3500 1146 3562 cordis

95 3588 157 3649 ain
187 3587 288 3645 maium
316 3593 395 3643 esset
422 3600 562 3642 convorsa
582 3584 658 3640 omni
687 3593 834 3661 tempore:
855 3580 895 3640 itt
915 3601 1040 3655 rursum,
1062 3584 1146 3645 Dixit

95 3670 172 3731 mnus
195 3668 230 3728 ad
250 3689 301 3728 cor
321 3687 419 3738 saum,
448 3665 558 3725 Sensus
578 3674 608 3723 et
630 3665 764 3740 cogitatio
790 3665 904 3725 humaui
927 3664 1040 3738 cordis,
1070 3670 1144 3728 maia
1248 3679 1249 3682 ’

95 3752 281 3815 adolescentia
302 3772 371 3815 sna..
408 3750 514 3810 Paulus
535 3750 640 3809 etiam:
664 3745 800 3821 Eremos,
820 3750 921 3829 inquit,
940 3750 992 3810 iiiii
1013 3752 1073 3811 irae
1095 3773 1145 3812 aa·

95 3880 106 3914 ‚
128 3835 362 3917 quemadmodum
385 3834 505 3895 caeteri.

114 3920 231 3982 Deinde
258 3919 362 3978 docent
388 3937 425 3978 ex
453 3914 628 3994 Scripturis,
656 3909 741 3987 Quod
769 3911 897 3976 homines
916 3933 1075 3994 agnoscere
1094 3915 1144 3977 de.

95 4018 136 4079 ιι,
159 4015 276 4086 propter
298 4003 369 4062 hanc
403 4002 446 4059 sni
476 4002 598 4078 ipsorum
627 3995 855 4075 depravationem
882 4019 917 4060 ac
941 4000 1143 4078 corruptelam,

95 4098 351 4169 aopterpeccata,
384 4085 419 4143 ab
447 4085 499 4142 hac
528 4080 626 4141 radice
656 4081 819 4152 nascentia,
841 4079 955 4162 diguam
977 4082 1143 4146 sibiimmi-

95 4195 103 4236 ι
126 4171 327 4253 perditionem,
341 4166 545 4228 formidabiicm
558 4163 615 4223 Dei
629 4161 781 4223 vindictam
799 4165 975 4246 impendere,
986 4176 1017 4224 ct
1029 4165 1143 4246 dignam

111 4258 219 4326 factis,
242 4256 390 4332 gehennae
421 4269 540 4330 poenam
571 4250 741 4327 propositam
767 4265 845 4310 asae.
889 4247 1144 4314 Anthoramcutnna

95 4362 120 4418 a,
142 4351 174 4402 nt
195 4340 286 4421 inquit
304 4337 421 4406 ΡιιΙιι,
442 4333 552 4414 peccati
575 4349 664 4392 mors.
705 4331 777 4393 Ιιιιι
797 4329 937 4394 Dominus
960 4331 992 4394 in
1011 4332 1146 4418 Evange-
