2648 4928
158 297 244 393 cop.
268 300 314 373 V.
362 298 419 373 lie
440 301 696 391 perseverentia
720 251 922 419 sedeunt·-
1000 229 1116 387 ΙπῖΙ

117 481 256 564 Spiritum
277 426 413 541 mcum
434 482 626 556 monitum,
655 494 687 545 et
715 483 752 547 nt
772 502 810 548 eo
832 487 949 570 miror
974 486 1100 569 home,

98 568 155 628 icnr
174 576 322 628 oeternum
343 582 411 626 sese
431 567 631 649 praecipitent.
786 574 789 583 “
942 604 946 617 ·
1013 618 1016 625 .
1055 626 1059 633 ,
1174 586 1180 595 ·

509 730 579 796 vll.

99 852 168 913 rime
189 850 264 911 enim
287 851 318 910 in
347 848 412 911 istit
434 847 560 929 depsidtos
586 858 739 913 corruent
766 850 797 913 in
821 851 880 916 itit·
905 874 1006 921 tenete
1031 858 1103 923 iliud

98 935 258 1007 mmorteie,
280 951 318 994 ex
339 952 396 1014 quo
416 934 540 1011 regeniti
562 944 649 1008 eunt,
672 954 709 995 ne
735 933 804 997 itud
824 950 924 1017 pereet
943 952 993 1003 ent
1013 961 1102 1007 em.

127 1016 255 1094 Deinde,
276 1014 467 1098 perverbum
487 1026 516 1077 et
532 1015 670 1097 Spiritum
687 1037 783 1092 enom,
804 1037 857 1093 eos
884 1032 981 1087 certos
1006 1036 1038 1089 et
1057 1029 1102 1090 ei.

98 1122 113 1163 r
131 1111 251 1163 renovet
270 1099 307 1162 ed
327 1100 542 1181 poenitentias,
566 1110 598 1159 nt
616 1099 654 1163 de
674 1099 809 1163 edreiuie
836 1108 965 1184 peccetis
980 1126 1020 1171 ex
1040 1113 1104 1173 esi·

99 1184 208 1247 terdon
229 1183 323 1245 Deum
344 1181 471 1257 doieent,
493 1183 691 1246 remissionem
712 1186 743 1247 ie
764 1189 904 1267 unguine
915 1189 1102 1268 diedieterie,

99 1289 162 1342 em,
186 1269 308 1331 contrito
330 1265 436 1340 corde,
459 1277 616 1347 expetent,
642 1280 673 1330 et
697 1260 871 1344 obtinent:
891 1276 1015 1353 gretie·
1042 1276 1103 1340 Dei

99 1354 164 1413 dieti
188 1354 292 1414 iterem
313 1353 449 1425 sentient,
473 1353 671 1413 nitentium
697 1370 753 1435 per
779 1352 865 1416 tte·
885 1358 949 1418 eine
967 1356 1103 1436 emme,

99 1454 176 1519 tcepe
195 1436 315 1498 salutern
338 1454 418 1497 suern
437 1454 501 1496 com
521 1436 627 1497 timore
653 1446 685 1498 et
714 1446 841 1501 tre-ore
861 1438 1015 1505 stedieeiee
1034 1462 1105 1529 ope-

393 1630 399 1645 ’
449 1766 452 1773 Ι
501 1684 588 1749 vm.

99 1826 116 1867 ι
137 1826 194 1866 nen
214 1786 273 1865 suis
294 1803 417 1879 meritis,
438 1776 487 1864 eut
506 1802 630 1877 viribus,
652 1800 704 1864 ted
729 1821 768 1865 ex
793 1805 919 1885 gretnite
937 1804 998 1873 Dei
1018 1810 1106 1874 αἱ...

99 1910 116 1951 ι
133 1889 165 1950 id
187 1888 329 1962 obtinent,
352 1898 385 1947 ut
406 1906 461 1948 nec
482 1886 608 1948 totaliter
626 1884 682 1948 tide
702 1897 734 1950 et
753 1889 847 1977 gretie
868 1890 1021 1969 excident,
1050 1914 1107 1957 nec

99 1974 163 2035 rin
184 1971 312 2052 lepeibns
333 1980 466 2032 nosmet
485 1980 535 2030 eut
553 1979 684 2053 perenm.
727 1968 814 2046 Quod
840 1972 933 2055 qoord
952 1977 1033 2059 ipeoe
1048 1998 1107 2041 non

119 2056 204 2118 focile
223 2055 288 2117 fieri
309 2064 430 2135 possm,
459 2051 513 2115 ted
540 2052 830 2132 refutationem
857 2070 992 2140 respectu
1012 2070 1109 2124 ηις.
1225 2080 1231 2093 ·

99 2141 132 2201 tri
154 2140 267 2201 omnine
294 2158 351 2198 non
377 2146 491 2217 potest:
519 2155 583 2198 cnm
611 2155 667 2199 nec
695 2138 846 2199 consilinm
872 2140 963 2223 ipsine
988 2146 1106 2219 meteri,

99 2226 144 2284 sio
165 2221 312 2295 excidere,
334 2220 446 2281 vocatio
467 2218 623 2281 secundom
644 2221 820 2302 propositum
831 2226 976 2300 moseri,
996 2224 1109 2289 chisti

99 2329 133 2381 nr,
156 2308 340 2378 intercessio,
363 2314 394 2365 ct
414 2301 544 2364 custodia
565 2303 649 2364 irrite
669 2298 764 2378 reddi,
785 2322 841 2367 nee
861 2304 987 2389 Spiritus
1007 2308 1110 2373 Smeti

99 2392 337 2453 etio-frustrence
357 2388 421 2450 deri
440 2399 490 2449 eut
509 2385 602 2449 deleri
622 2387 723 2469 pessit.

519 2554 576 2616 lX.

99 2679 125 2738 te
145 2677 199 2737 hec
219 2674 375 2736 electorum
397 2671 434 2733 ed
455 2672 575 2732 salutem
595 2668 749 2745 custodie,
779 2689 907 2753 vereque
933 2671 1058 2737 fidelium
1078 2676 1110 2737 in

99 2761 295 2832 erseverentie,
319 2760 373 2837 ipsi
396 2755 495 2817 fideles
513 2756 585 2816 ccrti
599 2774 665 2816 esse
675 2766 807 2836 poesom,
829 2768 860 2818 et
875 2769 943 2819 ennt
959 2777 1014 2839 pro
1031 2778 1111 2821 men-

99 2842 165 2915 idei,
186 2863 241 2922 qna
261 2853 340 2903 certe
368 2840 489 2903 credunt
516 2859 549 2901 se
569 2857 636 2901 esee
658 2848 690 2899 et
711 2848 851 2920 perpetue
872 2859 1022 2903 mensures
1040 2860 1111 2904 vere

99 2926 281 3014 rEeciesiee
311 2925 458 2997 membre,
488 2923 594 2985 hebere
623 2922 823 2985 remissionem
850 2934 1053 3007 pereeternm,
1081 2936 1113 2988 et

102 3021 259 3073 arteman.

531 3174 573 3236 Χ.

99 3312 126 3355 te
143 3292 262 3375 proinde
283 3295 354 3355 hoec
375 3290 518 3355 certitudo
546 3313 603 3353 non
634 3301 682 3354 est
708 3310 746 3353 ex
765 3289 905 3373 peeelieri
926 3289 1045 3374 eosdm
1065 3310 1114 3355 re·

99 3399 141 3440 »ne
161 3389 276 3460 praeter
297 3389 346 3439 ent
372 3388 453 3439 extro
476 3375 593 3439 verbnm
614 3376 710 3450 fecte,
731 3375 786 3439 sed
808 3396 846 3437 ex
872 3372 929 3438 tte
949 3377 1115 3457 promissio·

99 3462 156 3535 tei,
177 3482 247 3543 qens
269 3464 298 3523 in
320 3462 408 3524 verbo
430 3481 483 3521 sno
500 3461 699 3541 copiosissime
716 3459 749 3521 in
768 3469 897 3521 noetmn
911 3458 1046 3523 eosdem
1065 3480 1115 3522 re-

99 3564 123 3606 tr
145 3566 184 3611 ex
205 3548 366 3607 testimonio
387 3548 514 3627 Spiritus
525 3548 631 3607 Soectr‘
646 3544 780 3608 tertoee‘e
798 3562 863 3605 eet·
881 3546 989 3625 spdr‘tet
1014 3554 1116 3607 eoem
1251 3596 1254 3603 .

99 3650 144 3692 tec
172 3634 230 3691 Dei
241 3630 328 3710 filios
356 3640 388 3691 et
405 3630 553 3690 haeredes.
597 3628 684 3688 Rem.
707 3626 798 3701 Vssl,
825 3632 880 3693 ld·
921 3624 1057 3708 lienique
1077 3646 1116 3688 ex

106 3725 138 3776 et
169 3726 270 3774 eenctc
297 3712 389 3775 boote
423 3713 618 3773 conscientiae
638 3721 670 3771 et
696 3710 836 3772 bonorem
861 3730 979 3791 mrum
1007 3708 1116 3775 stedie-

116 3799 172 3859 hoe
191 3796 284 3858 solido
304 3795 475 3858 obtinendae
497 3795 634 3855 victoriae
658 3793 779 3867 teletio,
808 3805 842 3856 et
858 3793 1002 3859 tntdttmd
1019 3805 1116 3855 eeter-

99 3884 198 3961 gioriec
227 3882 331 3953 arrha,
363 3883 389 3941 si
412 3883 441 3940 in
469 3879 523 3938 hcc
551 3876 655 3939 mendo
682 3878 768 3940 eiecti
794 3875 854 3940 Dei
879 3874 1115 3949 destituerentur,

99 3988 127 4028 m
147 3966 289 4028 hominurn
309 3976 408 4026 creent
428 3961 591 4023 miserrimi.

532 4128 587 4190 ΧΙ.

99 4253 208 4313 'nterim
226 4261 348 4312 testetur
366 4249 517 4330 seriptum
539 4244 638 4308 indeiee
657 4245 688 4307 ie
709 4245 764 4307 irae
784 4245 844 4306 rite
859 4260 925 4303 ern
944 4240 1033 4303 retiis
1054 4258 1119 4301 cer·

100 4335 305 4400 ubitetioniboe
331 4334 508 4407 conflictari,
539 4341 570 4392 et
595 4331 625 4392 in
657 4330 740 4412 perri
767 4327 925 4393 testeum
947 4324 1119 4389 coertitrtee
