2648 4928
370 289 516 361 amnon
537 290 650 361 xtnt.
675 290 827 367 summu
852 269 921 367 ιι(
965 314 968 319 ·
1117 302 1193 380 sas
1252 356 1257 365 .

99 464 245 539 renuitur,
267 467 390 546 recepit,
414 486 477 528 eum
497 467 598 549 quibus
619 470 648 530 iu
669 470 779 549 coetu·
800 472 943 549 aseendit,
964 477 1060 561 ibique
1084 484 1193 547 residet

99 548 169 612 mad
188 560 320 612 extremo
339 549 386 612 die
406 551 442 612 ad
461 550 629 613 iudicandos
649 552 780 617 homiues
798 568 971 621 revertatur.
1011 610 1018 622 .

191 696 329 763 utam
350 697 535 790 simonae
552 688 699 769 unsrun
717 709 840 790 office
854 708 902 772 aa
920 710 1066 777 aaaron.

154 817 305 898 Scriptura
324 836 406 879 sacra
427 819 553 880 continet
573 822 666 883 omniu
692 844 765 905 quae
797 824 918 887 suntad
945 828 1063 891 satamon
1085 852 1188 895 ueces-

99 902 164 979 ria,
183 904 226 963 ita
247 913 278 962 ut
299 900 430 983 quiequid
460 904 488 963 iu
509 923 543 965 ea
565 924 619 967 uec
641 906 746 987 tegitur
774 927 867 991 oeque
896 908 963 972 iude
982 913 1097 994 probari
1125 931 1187 997 pots
1270 962 1278 979 .

99 994 138 1061 t,
164 987 235 1049 iicet
253 983 394 1047 interdum
416 984 589 1061 aiideiiius,
610 1001 642 1049 ut
661 990 737 1071 piutn
751 1001 781 1053 et
804 990 983 1056 conducibile
1001 996 1038 1056 ad
1057 997 1185 1062 ordinem

126 1070 261 1133 decorum
285 1068 466 1142 admittatur,
492 1081 616 1132 attamen
645 1091 663 1132 a
688 1093 827 1156 quoquam
855 1096 912 1138 nen
935 1078 1104 1159 exigendum
1125 1097 1182 1157 est,

126 1156 259 1236 moquaui
291 1154 427 1229 atticotos
453 1152 520 1215 tidei
548 1154 702 1229 credatur,
738 1171 769 1219 et
794 1156 830 1218 ad
858 1160 958 1224 natatis
981 1167 1201 1231 necessitatem»

99 1240 180 1323 quiri
198 1249 325 1321 putetur.

256 1373 353 1437 Vetat
379 1373 613 1439 Testamentum
630 1394 694 1441 trum
713 1386 761 1440 eat
780 1378 994 1459 rep'okndnnu.

111 1520 114 1525 ·
149 1490 365 1555 Testamentum
386 1492 494 1563 Vetus,
518 1494 599 1574 quasi
621 1492 705 1556 Nouo
725 1497 898 1557 eontrarium
918 1498 969 1572 ait,
990 1517 1047 1560 uun
1067 1511 1113 1561 eet
1135 1521 1182 1563 re·

99 1572 250 1650 laudum,
273 1575 325 1636 sed
343 1575 536 1650 retinendum,
559 1576 781 1659 qnandoquidem
804 1591 860 1640 taut
880 1581 910 1641 iu
928 1584 1022 1644 veteri
1046 1602 1129 1663 quatu
1151 1588 1181 1647 io

99 1678 142 1729 'a
167 1678 224 1742 par
250 1658 412 1733 Christum,
442 1661 490 1740 qui
520 1663 620 1721 unicus
648 1674 694 1722 eet
721 1663 861 1724 mediator
880 1661 940 1727 Dei
966 1676 996 1726 ct
1022 1664 1178 1741 bominum,

99 1759 148 1805 aaa
169 1755 200 1805 et
221 1743 317 1815 itone,
338 1755 457 1806 aeterua
479 1746 536 1804 vita
559 1744 680 1805 humano
699 1748 800 1827 generi
821 1758 866 1809 ott
879 1749 1039 1828 proposita.
1082 1750 1179 1826 Quare

99 1848 123 1888 ι
145 1836 211 1888 suut
231 1825 376 1900 audiendi,
398 1830 444 1908 qui
467 1840 579 1889 ueteres
595 1839 700 1891 tautum
721 1831 750 1891 iu
773 1831 980 1913 pre-tantone·
994 1837 1179 1916 temporarias
1290 1870 1299 1877 -

99 1928 197 1975 masa
217 1912 390 1991 confingunt.

503 2046 651 2128 Symbola
669 2052 742 2114 trin.

148 2162 284 2247 Symbola
303 2166 376 2235 tria,
405 2162 559 2237 Nicaeum,
582 2167 756 2247 Athanasii,
779 2177 810 2228 et
829 2167 905 2249 quod
926 2169 1010 2247 uulgo
1031 2169 1178 2249 Apostoli·
1259 2148 1264 2165 Ι

99 2248 322 2329 iappeitatur,
349 2249 464 2307 omuino
495 2249 659 2328 recipienda
681 2260 757 2311 suut.
800 2248 874 2312 Nam
906 2238 1077 2317 firmissimis
1105 2253 1177 2315 diui·

99 2350 162 2395 ΙΙΙ
181 2332 386 2413 seripturarum
406 2333 577 2413 testimoniis
598 2333 712 2415 probari
735 2344 866 2414 pontum.

437 2481 605 2546 Paeonium
629 2480 800 2566 Origt'rtnde.

145 2598 297 2662 Peccatum
320 2601 439 2679 originis
460 2622 514 2659 non
538 2611 582 2659 ast
605 2601 648 2680 (nt
671 2601 830 2660 fabulantur
851 2598 1015 2678 Pelagiani,
1040 2610 1068 2658 et
1089 2599 1174 2664 hodie

99 2682 269 2764 nbaptiatae
309 2695 462 2763 repetunt)
499 2686 527 2742 in
567 2686 723 2744 imitatione
754 2681 859 2744 Adami
892 2683 998 2755 sitnm,
1042 2683 1094 2743 aed
1130 2700 1174 2746 est

99 2768 160 2829 tta·
180 2778 211 2830 et
231 2764 395 2847 depravatio
417 2780 534 2827 naturae
555 2768 706 2828 cuiuslibet
728 2768 848 2827 hominis
874 2785 911 2826 ex
928 2766 1040 2826 Adamo
1061 2778 1173 2830 natura·

99 2866 134 2911 tu
158 2852 325 2933 propagati,
357 2873 410 2933 qua
437 2853 467 2912 iit
491 2862 520 2909 nt
549 2851 585 2910 ab
605 2852 736 2929 urigioaii
759 2852 881 2921 iustitio,
905 2868 987 2930 quam
1010 2852 1173 2931 longissime

99 2940 161 3013 utut,
179 2932 216 2996 ad
237 2935 339 2995 maium
360 2956 410 2996 sna
432 2946 530 2995 natura
555 2933 749 3014 propendeat,
778 2945 807 2994 ct
836 2952 904 2993 caro
931 2952 1047 3011 semper
1071 2933 1173 2996 adver·

99 3024 114 3081 't
138 3019 267 3101 spiritum
296 3022 493 3100 concupiscat:
520 3017 594 3078 unde
621 3020 649 3077 iu
680 3036 846 3099 unoquoque
874 3019 1070 3088 nascentium,
1101 3020 1171 3079 iram

99 3102 224 3185 datque
251 3101 458 3164 damnationem
481 3113 617 3164 merctur.
661 3098 764 3161 Manet
790 3102 875 3161 etiam
904 3102 933 3159 iu
962 3101 1071 3161 renatis
1099 3100 1172 3163 naec

99 3186 180 3249 ina
205 3184 392 3268 depravatio,
428 3188 535 3268 quatit
563 3197 594 3245 ut
619 3184 737 3246 affectus
756 3186 872 3256 caruis,
894 3200 1001 3260 graece
1022 3181 1172 3267 φρόνημα

99 3266 184 3353 WB,
204 3270 278 3353 quod
300 3272 348 3351 aiij
371 3272 557 3352 sapientiam,
578 3269 629 3349 aiij
649 3289 762 3330 sermm
769 3312 780 3342 ,
801 3268 850 3348 aiij
873 3267 1024 3342 affectum,
1041 3268 1091 3349 aiij
1113 3280 1171 3329 stu·

99 3372 137 3416 ιι
156 3366 271 3429 ineant,
295 3357 351 3436 tegi
371 3354 429 3416 Dei
459 3374 513 3415 nou
543 3353 719 3433 suiijeiatur.
764 3351 804 3412 Et
824 3370 980 3433 quanquam
1008 3351 1118 3413 renatis
1140 3364 1171 3414 et

99 3436 242 3500 edentibus
260 3441 336 3500 uuita
356 3451 474 3520 propter
487 3438 632 3498 Christum
655 3448 699 3497 est
721 3435 930 3505 condemnatio,
952 3436 1061 3515 peeeati
1076 3447 1169 3497 tamen

113 3540 176 3586 tete
196 3524 336 3586 rationem
359 3524 466 3587 habere
487 3523 743 3602 concupiscentiam
766 3522 871 3581 tutetur
889 3520 1054 3599 Apostolus.

446 3673 496 3736 De
516 3674 610 3736 tidem
631 3674 768 3736 mintrio.

99 3806 104 3811 '
138 3792 257 3874 numne
277 3795 369 3874 gratia
387 3792 456 3866 Dei,
479 3812 552 3873 qnae
573 3810 626 3872 per
641 3790 788 3850 Christum
809 3799 866 3862 ent,
888 3807 942 3848 uns
963 3790 1167 3866 praeveniente

106 3877 235 3950 veiimut,
257 3888 287 3938 et
305 3888 490 3958 cooperante,
513 3875 578 3936 dura
600 3876 741 3947 notamus,
763 3870 800 3933 ad
821 3873 937 3953 pietatit
955 3890 1041 3952 opera
1061 3872 1166 3929 iaeieu·
1285 3946 1288 3951 Ι

99 3979 198 4040 ,quaa
218 3960 285 4023 Deo
308 3973 389 4041 grata
410 3964 467 4022 sint
489 3972 519 4020 et
539 3970 670 4039 accepta,
693 3958 762 4017 nihii
779 3956 915 4017 rukmut.

510 4112 560 4173 De
582 4111 702 4173 Gratia.

135 4228 235 4292 Gratia
256 4227 386 4303 Christi,
415 4252 467 4292 seo
493 4231 609 4312 spiritus
634 4234 750 4288 sanetus
775 4227 824 4307 qui
852 4242 905 4307 per
926 4220 1046 4284 eaedem
1068 4218 1163 4292 datur,

99 4328 108 4371 ι
125 4312 265 4396 lapideum
285 4318 390 4389 auiam,
413 4329 445 4376 et
463 4314 510 4376 dat
531 4336 582 4376 eor
603 4320 748 4375 earnem
791 4310 890 4389 Atque
915 4306 984 4367 teet
1010 4324 1045 4367 ex
1066 4304 1165 4365 neten

897 4404 942 4471 ts
