2648 4928
114 311 190 387 266
263 342 267 349 ·
455 308 648 381 Couseusus
674 313 896 383 Geueueusis.

112 498 178 555 tiam
199 512 275 553 suam
299 494 328 551 iu
351 490 406 549 illis
428 489 576 549 ostendat:
605 508 640 547 au
664 488 729 549 lruic
749 493 911 552 sententiae
932 494 1078 553 contraria
1105 504 1151 553 est
1178 492 1226 555 ad·

111 579 223 639 miratio
244 595 315 655 quae
342 594 406 632 mox
430 571 578 651 sequitur?
612 574 796 633 Oaltitudo!
826 574 929 647 Adde,
957 576 1031 656 quod
1058 580 1089 636 in
1113 576 1234 639 Caum-

111 663 225 722 numine
247 662 340 719 lucum
353 655 472 733 Pighius
494 657 578 727 lacit,
603 675 713 715 causaur
728 660 838 717 linalcur
855 679 906 738 pro
927 660 1039 719 formali
1057 662 1087 719 iu
1104 660 1222 723 medinm

111 746 246 805 allcreus.
287 742 352 801 Etsi
375 740 468 807 cuim,
492 758 623 819 quorsum
647 752 757 819 spectet
776 742 874 813 licus,
909 762 962 801 nou
985 755 1031 803 est
1052 744 1220 805 obscurans

111 850 168 889 non
190 827 264 887 ideo·
280 837 371 883 tamen
396 824 522 901 protinus
544 835 680 901 apparet,
701 844 753 884 eur
775 828 813 884 ita
835 827 896 885 lrcri
918 826 1029 886 deceat.
1072 828 1157 889 llaec
1175 848 1220 889 at-

110 924 167 973 tum
191 910 349 989 praesentis
371 908 489 965 instituti
511 926 617 965 summa
638 919 693 965 est.
737 907 857 967 Etiamsi
881 910 965 968 elaris
986 912 1163 989 argumentis
1181 913 1219 971 iu·

111 996 217 1055 stitiatu
237 993 318 1052 uobis
339 1010 416 1048 suam
441 1010 495 1049 nou
518 991 617 1065 probet
631 988 723 1059 Deus,
748 991 922 1051 statuendum
942 1003 1032 1053 tumen
1046 1014 1124 1067 esse,
1147 994 1216 1075 quie·

110 1076 179 1159 quid
194 1076 231 1135 alr
251 1096 286 1135 eo
308 1076 356 1143 lut,
381 1075 453 1131 iusto
470 1075 549 1132 lteri:
572 1072 637 1131 ideo
658 1075 764 1133 insola
784 1078 845 1134 cius
864 1078 1008 1136 uoluntate
1022 1076 1215 1158 quiescenda·

110 1179 193 1232 esse,
221 1169 251 1217 ut
272 1156 344 1238 quud
367 1158 407 1215 illi
429 1157 541 1234 prlaccre
563 1157 764 1233 intelligimus,
788 1161 869 1217 cuius
892 1180 944 1218 nus
963 1180 1049 1219 eausa
1073 1163 1160 1239 fugit,
1175 1162 1216 1221 in·

110 1257 172 1305 stur
193 1243 267 1303 mille
285 1242 422 1301 rationum
444 1240 574 1298 sulliciat.
604 1240 700 1298 Nimis
720 1261 789 1319 ergo
813 1244 909 1319 inepte
927 1245 1078 1303 cavillatur
1092 1244 1210 1323 Pighius,

109 1328 175 1387 duan
201 1344 245 1385 me
267 1323 475 1383 inconstantiae
498 1324 658 1393 insimulat,
681 1328 765 1400 quin,
790 1327 926 1384 rationem
943 1326 1057 1387 «livinae
1074 1328 1214 1387 voluntatis

110 1406 299 1491 quaerendam
328 1426 393 1467 esse
414 1426 549 1483 negans,
567 1410 722 1484 pronuncio
745 1418 836 1467 taurea
865 1409 933 1468 nilril
962 1430 1026 1469 enm
1050 1412 1140 1483 velle,
1163 1410 1208 1471 uiti

109 1492 182 1573 quud
205 1490 341 1569 expedire
369 1501 478 1548 censet.
528 1488 601 1548 Nam
630 1491 682 1549 hoe
712 1494 873 1569 posterius,
904 1512 1007 1552 carrsae
1035 1493 1206 1555 redditione·

110 1596 192 1647 esse,
215 1594 296 1653 quam
322 1574 402 1633 nobis
424 1583 558 1631 constare
576 1573 644 1631 alilri
668 1594 752 1652 nego.
797 1576 884 1653 Atqui
905 1578 996 1654 qualis
1018 1579 1073 1635 ista
1096 1588 1139 1637 est
1153 1596 1205 1637 ean·
1229 1626 1233 1631 .

111 1680 160 1721 sne
181 1659 298 1728 notitia,
328 1662 351 1715 si
372 1655 469 1715 licum·
486 1658 613 1715 coarsulto
636 1657 748 1729 faeere,
777 1658 848 1735 quod
877 1659 963 1731 lacit,
987 1660 1151 1733 audiamus,
1171 1670 1202 1731 nl,
1226 1680 1234 1727 a

15 1810 22 1823 Ι
110 1741 185 1822 quod
207 1744 252 1801 ita.
268 1739 403 1818 expedire
427 1750 560 1809 censeat,
593 1741 704 1798 iuterim
732 1762 784 1799 nos
809 1743 899 1817 fugiat
926 1753 1005 1802 certa
1032 1756 1064 1803 ct
1090 1744 1203 1823 speciali
1227 1788 1234 1813 ,-

109 1828 205 1906 operis
226 1826 393 1903 consiliique
414 1821 508 1881 ratio?
539 1821 677 1894 Adlraec,
704 1823 770 1901 quid
792 1827 867 1884 iuter
888 1824 954 1885 lrdei
982 1830 1202 1887 reverentino

109 1907 269 1988 inquirendi
289 1905 436 1965 audaciam
457 1907 590 1977 intersit,
614 1926 664 1985 pro
687 1908 775 1965 uilrilo
799 1908 923 1980 ducens,
954 1909 1029 1989 qrtud
1051 1908 1200 1971 credentur

109 2012 178 2053 esse
206 1989 313 2062 docco,
342 1989 378 2050 ad
405 1990 567 2065 vulgarem,
599 2010 670 2068 quac
700 1990 859 2050 lururanitus
886 1995 1066 2071 concipitur,
1096 1994 1199 2055 notun

108 2085 295 2157 praepostere
318 2073 402 2152 rapit.
446 2072 526 2150 Ergo
547 2073 628 2131 simul
650 2084 733 2151 atque
754 2078 933 2133 allieurareril
954 2078 1111 2155 quispiam,
1136 2075 1198 2157 opt

109 2180 186 2219 muru
206 2176 320 2237 semper
346 2154 450 2233 agendi
477 2158 561 2215 linem
590 2176 656 2216 esse
676 2156 763 2228 lion,
789 2178 885 2217 secum
914 2161 975 2237 ipse
998 2157 1198 2233 dissentiet,ni

108 2253 210 2323 postea
233 2261 295 2301 curu
315 2240 405 2299 Paulo
426 2240 584 2310 exclamet,
612 2240 772 2299 llecuudita
794 2262 859 2301 esse
881 2242 944 2301 llei'
959 2242 1085 2316 iudicia,
1111 2254 1137 2305 et
1151 2241 1199 2301 un

109 2328 173 2387 eius
194 2323 503 2403 incomprehensibiles.
546 2322 711 2402 Quanquam
741 2326 768 2383 iu
792 2345 828 2384 oo
850 2318 956 2384 lallitur
977 2326 1116 2403 Pighius,
1142 2320 1199 2407 pl
1225 2368 1234 2391 ι

109 2428 173 2469 men
187 2410 276 2487 ipsius
287 2408 373 2465 rerba
394 2424 552 2483 agnoscere
567 2426 611 2465 me
635 2408 712 2466 iulret
732 2428 804 2488 quau
826 2430 862 2467 en
872 2411 1034 2485 Augustino
1050 2416 1061 2473 l
1065 2410 1127 2469 Lib.
1138 2404 1200 2471 Mt

110 2512 211 2571 geues.
231 2502 328 2549 contra
344 2490 470 2548 niuniel.
497 2510 524 2547 e.
538 2490 585 2559 3.)
609 2492 771 2549 retuleram.
805 2491 861 2549 Ulli
877 2495 1033 2568 quaeritur,
1058 2496 1200 2573 inquitat-

109 2588 172 2635 ctus
193 2575 241 2633 ille
262 2576 323 2643 tir,
352 2594 402 2631 eur
423 2575 460 2631 ita
484 2575 586 2631 lecerit
608 2573 705 2643 lteus,
735 2574 959 2652 respondendum
982 2588 1042 2635 est:
1078 2578 1200 2649 Quincu-

108 2662 172 2720 luit.
199 2658 283 2730 Quod
304 2659 328 2715 si
347 2656 596 2734 rogaudopergas.
620 2678 671 2715 cur
692 2659 730 2715 ita
746 2661 880 2728 voluterit,
905 2661 993 2717 arcarius
1014 2660 1116 2738 aliquid
1134 2676 1200 2735 qute-

109 2744 149 2804 ris
171 2756 201 2801 et
223 2743 368 2799 sulrliruius
391 2740 443 2797 llei
472 2741 631 2809 voluntale,
662 2742 735 2819 «parad
760 2745 878 2800 inueniri
910 2764 963 2799 raon
986 2756 1089 2820 potest.
1133 2744 1199 2801 Con·

107 2837 208 2908 pescat
229 2826 316 2903 igitur
337 2845 368 2882 se
391 2824 510 2881 lurruaua
533 2826 693 2895 temeritas,
719 2835 747 2881 et
769 2826 840 2901 qrrod
863 2847 916 2882 narn
940 2838 1001 2896 est,
1025 2846 1061 2884 ue
1081 2834 1198 2906 quaerat:

109 2930 146 2971 ne
168 2911 260 2983 forle,
284 2907 356 2987 qtrod
379 2918 439 2975 est,
465 2927 519 2964 nou
543 2908 677 2964 inueniat.
712 2909 792 2965 Vere
810 2909 861 2966 lroe
876 2910 1070 2985 Arrgarstiuus,
1093 2912 1135 2969 cui
1150 2906 1200 2966 sul

109 2994 221 3070 scripsi.
253 2991 365 3051 Sedala
385 2990 534 3047 lrisrerlris
555 2991 623 3047 uilril
647 2991 854 3049 dissentaneum
876 2994 1001 3050 coartinet
1025 2995 1152 3071 superior
1166 2988 1200 3048 illa

109 3078 267 3137 sententia:
301 3071 384 3145 Quod
412 3072 468 3129 lJei
496 3073 621 3132 toleratas
653 3076 756 3151 optiara
778 3078 816 3133 sit
843 3086 871 3132 et
899 3077 1069 3153 aequissima
1097 3077 1199 3136 omniun

108 3178 181 3240 quae
203 3159 300 3217 statuit
323 3154 488 3213 moderatio.

191 3240 328 3301 Eiusdem
350 3249 394 3297 est
415 3239 523 3295 latrinae
544 3238 598 3295 alia
621 3239 760 3298 obiectio:
795 3239 944 3317 lleprulros
966 3241 1002 3299 ala
1025 3246 1122 3305 electis
1142 3260 1199 3319 negt

108 3327 231 3387 discerni
261 3325 317 3381 ullo
340 3322 432 3380 meriti
457 3322 561 3397 proprii
592 3335 740 3401 respectu,
769 3326 831 3400 quia
861 3323 915 3381 llei
947 3329 1039 3399 gratia
1071 3329 1200 3407 adoption·

108 3411 209 3488 diguus
232 3408 334 3477 l'areiat,
366 3426 419 3462 uon
441 3404 582 3474 iuverunt,
607 3417 635 3462 ut
657 3426 741 3479 saepe
766 3408 886 3483 loquitar
910 3408 1097 3484 nlrrgusliuus.
1140 3408 1201 3469 Atttn

108 3514 182 3572 nego
205 3490 335 3549 iniuriam
359 3489 421 3546 lieri
445 3488 591 3564 reprobis,
614 3491 678 3566 qnia
700 3488 775 3561 digni
798 3502 861 3547 sunt
883 3494 928 3568 qui
952 3510 1077 3568 pereant.
1114 3494 1202 3553 tlirsr

108 3576 242 3655 expausis
266 3574 318 3631 alis
340 3572 507 3629 turuultuose
530 3574 614 3629 iactat
638 3574 774 3650 l‘iplaius.
809 3573 880 3650 quod
905 3595 996 3651 neque
1019 3581 1152 3657 arreipsum
1170 3577 1202 3633 iu·

108 3661 251 3735 telligaru,
274 3674 364 3733 neque
388 3656 564 3712 urerniueriru
587 3656 651 3733 quid
674 3680 689 3714 a
713 3679 756 3716 aare
787 3660 863 3734 prius
885 3658 989 3715 dietant
1012 3674 1101 3721 esset.
1143 3658 1203 3719 ltili

108 3764 177 3803 sero
203 3742 232 3798 in
253 3738 419 3797 defensioue
451 3740 561 3795 unrlturu
591 3741 738 3797 terlmruru
765 3746 859 3797 tara-ro
888 3741 959 3800 adea
990 3746 1203 3823 operaepretiuu

108 3847 165 3886 nou
187 3822 316 3893 ridetur,
346 3833 374 3879 ul
404 3825 499 3899 patruis
522 3842 630 3899 quoque
656 3826 794 3895 attingere
827 3826 932 3900 pigeat.
980 3828 1016 3884 l't
1046 3830 1118 3886 alius
1139 3826 1204 3885 lieu>

107 3912 171 3969 aliis
194 3908 355 3985 praeierat,
387 3916 416 3963 ut
436 3908 499 3963 aliis
518 3909 679 3983 praeteritis
710 3910 780 3963 ainos
811 3910 913 3984 eligat,
939 3932 992 3967 uun
1017 3932 1052 3969 en
1077 3913 1204 3969 laonriuutt

108 3993 243 4069 dignitate
267 3991 309 4049 rel
333 3988 499 4064 indignitate
523 3988 624 4066 peudet
651 3990 815 4048 ‹liseriruen
860 3991 939 4068 linga
962 3995 1061 4052 l'alsruu
1084 4007 1145 4063 est,
1173 3992 1206 4051 ti·

107 4098 179 4155 grrtrs
201 4086 319 4133 :aeterno
347 4075 460 4130 irrleritu
489 4074 626 4148 reprobus
656 4094 730 4130 esse.
777 4080 820 4129 ,te
846 4078 867 4131 si
891 4077 984 4152 priore
1014 4080 1141 4136 ruerahru
1160 4096 1205 4137 nnn

107 4164 189 4219 lieret
209 4159 349 4215 lruauiuuut
370 4156 541 4232 crrrrrpuratio
564 4157 638 4214 iulet·
659 4178 709 4228 se,
733 4169 760 4212 et
780 4158 902 4229 dignitas
926 4181 978 4216 uam
1002 4164 1161 4221 rel'err·etur
1177 4156 1205 4219 al

108 4246 181 4301 ritae
205 4240 376 4317 prracruiuur:
409 4240 437 4295 in
462 4236 588 4295 sectando
609 4251 700 4297 autern
725 4242 848 4297 nwruluu
871 4264 924 4299 uon
944 4246 1070 4319 aequalis
1095 4247 1205 4304 ornariuta

109 4324 233 4387 coralitio
248 4332 431 4384 statueretur.
464 4319 558 4394 Adde,
582 4322 654 4401 quod
666 4323 854 4403 nlrrgustiuus,
878 4346 960 4404 ‹puuur
974 4328 1080 4389 alicubi
1095 4328 1172 4412 (tal.
1182 4338 1205 4389 ¹.’.
