2648 4928
352 336 368 343 --
427 291 682 382 Behaptismo.
931 258 934 267 ¹
1037 298 1121 381 m
1202 276 1251 373 ,’

99 490 160 532 »uec
180 467 340 532 huiusmodi
362 468 531 550 hypocritae
550 470 610 529 suis
631 470 746 548 llagitiia
766 489 801 533 ac
821 472 978 539 seeletilrua
996 480 1120 561 produn.

99 568 126 615 nt
150 558 227 616 insta
254 574 359 615 morem
389 573 423 613 ac
453 554 538 613 ritum
563 551 716 614 Ecclesiae
744 557 827 635 argui
859 561 981 638 possint.
1025 563 1065 626 lit
1094 571 1119 630 ai

99 659 186 701 naces
205 637 316 699 tandem
340 639 457 710 luerint,
479 655 497 697 a
518 639 737 698 consortioeins
750 642 911 720 exigantur,
934 644 1120 713 Sacramenta

99 744 159 784 isos
185 722 400 793 administrata,
432 722 457 780 si
485 719 570 780 modo
590 722 670 781 iuxta
697 733 818 784 mentem
847 743 882 785 ac
903 727 1116 796 -iuatitntiousrn

102 809 110 866 i
145 805 393 876 administrentur,
426 814 492 865 suut
522 804 703 884 recipiendus
731 804 799 866 Nou
828 809 903 869 enim
931 812 1116 880 Sacramenta

100 911 116 949 r
143 890 326 952 exhibentem
351 890 418 960 illa,
443 888 534 969 qualis
554 890 645 969 qualis
664 890 719 963 sit,
749 909 840 969 neque
866 891 903 951 oh
926 913 990 956 eum
1012 902 1060 980 qui
1080 921 1115 964 su

99 975 132 1048 lt,
160 973 212 1036 sed
232 984 357 1057 propter·
371 971 579 1048 ordinationem
602 983 635 1035 et
663 970 825 1035 mandatnm
846 973 958 1038 Christi
984 994 1051 1043 snut
1071 987 1114 1047 el·

408 1206 463 1298 hu
481 1239 692 1299 ramesse.

293 1418 295 1425 »
358 1348 627 1441 Articuliss
670 1376 739 1439 XII.

99 1496 190 1552 locent
217 1491 311 1562 itcnr,¹
330 1487 405 1569 qnod
431 1487 605 1568 Baptismus:
621 1491 659 1551 slt
683 1487 1067 1573 salutarislndministratio‚
1090 1521 1108 1563 a

99 1596 110 1633 s
131 1575 269 1646 instituta,
293 1583 326 1643 et¹
342 1573 503 1652 Evangelio
524 1572 652 1649 adiecta,
683 1593 736 1654 per
760 1593 842 1655 quern
865 1577 928 1656 ipse
945 1576 1106 1646 Ecclesiam

99 1659 236 1738 purificat,
259 1656 393 1717 emundat
414 1667 444 1716 et
464 1659 634 1729 sunctilleut,
662 1658 691 1718 iu
714 1669 806 1720 morte
828 1667 859 1719 et
880 1665 1018 1740 sangnine
1040 1687 1105 1742 suo,

98 1741 158 1802 ulus
188 1742 275 1803 dicit:
304 1740 438 1801 Christus
462 1738 563 1800 dilexit
587 1739 770 1814 Ecclesiam,
796 1753 826 1803 et
852 1745 1035 1825 semetipsam
1056 1769 1107 1811 ex·

104 1844 156 1905 pro
176 1835 278 1900 ea,·ut
298 1826 376 1885 illum
397 1825 604 1897 sanctificaret,
626 1823 785 1887 mundatam
807 1825 928 1888 lavacro·
943 1848 1035 1910 aquae
1054 1854 1108 1915 pen

99 1931 116 1968 ι.
160 1908 200 1970 Et
225 1909 298 1979 hane
321 1908 357 1969 de
384 1907 530 1988 Baptismo
552 1907 656 1981 fidem,
681 1908 733 1969 soli
758 1918 866 1970 tanturn
886 1914 980 1972 ‘nostri
1001 1912 1107 1979 Eucle-

116 1991 146 2052 in
173 1990 275 2071 Re'gno
298 1993 455 2052 Bohcmiae
487 2008 522 2051 ac
542 1990 743 2052 Marchionatu
764 1992 916 2056 Morasiae
947 1995 1106 2079 Scriptnris

110 2075 290 2148 vindicarint,
312 2077 359 2155 qni
381 2073 511 2147 credunt,
534 2077 706 2135 confitentur
719 2095 760 2137 ae
773 2077 914 2150 scribunt,
936 2079 1105 2160 haptismnui

108 2160 213 2222 tautum
234 2161 364 2243 corporis
386 2157 567 2238 abstergere,
590 2159 702 2219 animae
723 2158 818 2220 antern'
837 2162 869 2222 in
891 2161 1010 2226 salntem
1031 2167 1104 2230 nihil

99 2262 133 2303 re.
376 2268 378 2273 ·
824 2266 827 2271 ·
885 2266 908 2278 ··
942 2270 948 2281 ’
1027 2267 1031 2279 ·

99 2379 138 2421 cm
159 2346 284 2437 docent,
298 2358 409 2420 Pueros
427 2359 456 2419 ia
475 2358 597 2431 salntem¹
617 2341 804 2439 haptizandns‘
825 2344 910 2434 esse,¹
927 2344 1102 2448 Christoque

99 2443 210 2516 andos,
239 2447 317 2505 iaxta
344 2444 405 2504 eius
432 2442 566 2505 uerbum:
595 2440 691 2503 Sinite
718 2460 824 2520 pueros
850 2424 888 2504 nd
919 2464 967 2521 pne
983 2450 1100 2526 venire,

99 2527 205 2589 nhihcte
228 2527 313 2601 illos,
344 2526 442 2587 talium
465 2537 510 2607 est
526 2525 604 2591 ,enim
629 2544 746 2607 regnum
767 2523 837 2587 Dei.
881 2524 986 2594 Nostri
1005 2532 1101 2614 itaqua

99 2613 172 2671 mini
200 2611 297 2672 verbis
328 2612 438 2683 innixi,
475 2628 580 2691 pueros
610 2609 639 2669 in
665 2609 778 2675 nominc
805 2619 921 2673 mactae
948 2612 1099 2681 Trinitatis

99 2707 137 2754 nt.
182 2693 295 2762 Etenim
323 2694 493 2754 universalis
523 2706 566 2754 est
593 2693 695 2754 locuss
723 2690 837 2754 Docete
865 2714 965 2757 omnes
981 2710 1099 2779 genter,

99 2789 160 2838 ntes
181 2799 231 2838 sos
253 2780 281 2838 in
301 2780 413 2838 nomine
426 2777 523 2837 Patris
538 2788 567 2837 et
588 2776 668 2850 Filii,
691 2787 722 2837 et
740 2774 864 2856 Spiritus
879 2778 989 2842 Sancti.
1032 2783 1099 2848 Nec

99 2882 116 2921 s
135 2882 186 2922 eos
206 2862 395 2942 rebaptizant,
418 2880 472 2922 nec
493 2860 707 2943 rebaptizarent
727 2879 859 2941 unquam.

99 2980 128 3038 si
152 2979 219 3039 olim
240 2998 291 3039 eos
313 2977 540 3058 rebaptizarint,
569 2979 616 3057 qui
647 2997 685 3038 ex
717 2977 800 3049 aliis,
828 2973 970 3039 Ecclesiis
990 2984 1097 3044 nestris

99 3063 104 3121 l
126 3065 286 3142 petiissent.
310 3061 357 3125 At
377 3080 469 3142 neque
496 3061 570 3121 hunc
602 3059 799 3141 rehaptizandi
825 3078 932 3123 morem
955 3062 995 3122 illi
1016 3065 1097 3127 inse-

139 3146 197 3206 Sed
219 3164 285 3206 eum
307 3147 335 3204 in
357 3163 444 3204 causa
463 3142 531 3205 hdei
557 3163 592 3204 ac
616 3145 763 3223 religionis
784 3140 922 3204 adsersus
935 3143 1094 3223 Buhemns,

99 3229 427 3300 lomuui'decertarent,
461 3229 663 3307 amborumque
683 3226 828 3288 Ecclesiis
856 3229 997 3305 praelecti
1015 3232 1096 3292 Scri·

99 3314 321 3385 contenderent,
354 3331 389 3372 nc
416 3312 467 3371 iis'
481 3313 593 3391 utrique
621 3310 729 3371 alteros
750 3311 860 3372 ermris
886 3314 1093 3393 astringerent,

99 3399 150 3457 ulta
173 3399 299 3458 vicissim
329 3395 358 3455 in
387 3414 420 3455 se
439 3397 515 3455 iacta
536 3395 682 3467 convicia,
714 3413 764 3454 res
782 3392 896 3455 tandem
916 3413 954 3456 eo
973 3394 1095 3461 deducta

114 3501 200 3553 sese,
223 3491 281 3541 tum
304 3476 482 3551 sacerdotio,
504 3490 563 3539 tum
584 3478 802 3565 sacramentis,
818 3487 911 3558 atque
933 3476 1010 3541 adeo
1034 3493 1095 3542 tato

99 3565 298 3625 {hristianismn
318 3572 468 3624 exuerent.
508 3563 582 3621 Tum
608 3581 662 3640 pcr
686 3558 827 3622 loea'affi
853 3561 973 3624 allorum
991 3563 1094 3646 Bapti.

99 3650 266 3730 *epotehant
287 3645 479 3728 perstantibus
495 3646 559 3705 istis
571 3647 601 3704 in
621 3664 731 3704 summo
750 3643 829 3718 odio,
851 3662 916 3706 enan
935 3647 1093 3726 prefessio-

99 3744 155 3793 trae
177 3734 318 3807 maiores,
342 3733 396 3792 iam
425 3741 483 3791 tum
505 3729 542 3788 ah
562 3729 606 3789 eis
630 3730 793 3808 segregati,
817 3729 992 3807 peculiarem
1014 3751 1094 3793 anam

99 3841 102 3876 ι
133 3817 271 3877 habereut
295 3816 566 3894 congregationem,
592 3821 623 3871 et
643 3810 832 3883 Sacramenta
848 3810 1091 3885 administrarent,

99 3900 235 3960 Ecclesiis
257 3901 316 3960 suis
337 3900 502 3960 adscenseri
523 3896 664 3966 volentes,
688 3894 916 3977 rehnptinhant.
958 3897 1093 3977 insignes
1182 3922 1184 3926 ’

99 3984 127 4044 sd
148 3985 201 4045 hoc
225 3984 362 4044 hahentes
388 4002 489 4043 causas
511 4000 546 4043 ae
563 3981 746 4050 occasiones,
773 3998 832 4039 non
852 3996 872 4037 a
891 3983 1092 4057 praesentibus

99 4068 105 4127 l
127 4070 276 4144 temporis,
301 4066 457 4127 sedetiam
484 4087 503 4126 u
523 4063 677 4126 ueteribus
699 4064 989 4144 plerisque-summae
1011 4077 1092 4125 anto·

99 4153 211 4231 pictatis
237 4172 271 4211 ac
295 4150 463 4211 eruditionis
484 4150 568 4222 viris,
592 4146 754 4229 praehitass
783 4146 961 4208 Praesertim
983 4166 1094 4211 veroa

99 4238 206 4316 rpriano
223 4235 356 4315 Martyrc
378 4234 508 4306 Christi,
538 4244 597 4292 tnm
623 4231 660 4294 ah
680 4232 744 4292 aliis
765 4245 877 4313 queque
901 4245 958 4290 non
978 4233 1090 4310 praeis,

99 4341 111 4380 s
132 4338 237 4381 causac
259 4311 511 4402 patrocinnhantnr
530 4313 706 4398 Episcopis,
737 4316 785 4396 qui
806 4328 909 4375 omnes
928 4314 960 4374 ia
980 4312 1092 4377 Allrira

805 4409 877 4478 Sl*
