2648 4928
458 168 645 239 illustratum,
673 184 710 226 se
736 121 838 245 postei
866 162 1049 243 generalibus
1072 159 1224 244 Synoiis,
1320 201 1324 208 -

458 252 602 324 umbri,
629 258 662 311 el
687 248 930 311 Wledr'slcoienss'
955 257 1069 307 anctum
1090 243 1305 325 stabilitumtpue

458 332 617 413 exemplsri
640 331 763 409 Tersas?
780 330 884 392 Latine
913 341 945 392 et
963 330 1103 391 Poloniee
1123 348 1200 389 sano
1221 324 1312 389 Doni

328 442 332 451 ·
459 416 661 477 contuentur:
705 415 833 475 universi
860 413 916 474 bac
949 424 1048 474 nostra
1086 410 1217 491 generali
1250 410 1289 473 Τι
1321 441 1324 459 ¹

459 498 674 580 comprobamus
708 499 982 578 confirmamusque,
1016 507 1046 557 et
1072 506 1173 556 eontra
1202 494 1276 556 adse

458 583 555 644 vorbis
576 602 658 662 quem
680 584 793 662 scriptis
813 582 949 642 hactenus
972 577 1143 640 discordium
1162 589 1192 640 et
1212 580 1311 641 lictum

459 667 504 729 bis
524 666 711 746 Evangelicis
734 665 880 725 obiectare
901 665 964 725 susi
986 675 1073 736 sunt,
1103 663 1178 724 bunc
1204 681 1304 725 verum

461 768 528 810 cere
551 769 604 811 nos
626 749 757 828 amplecti
778 759 808 808 et
827 749 944 821 iuvere,
968 757 1052 827 utque
1075 744 1230 807 secundum
1253 765 1319 808 cum

460 832 558 895 oortlia
580 852 649 894 vere
670 832 837 892 coniunctos
858 849 924 891 esse
945 841 1146 909 protestamur.

473 932 476 939 ·
542 916 583 977 11.
614 915 742 990 Quilibet
754 914 892 975 Minister
903 912 1096 993 Evangeliens
1116 914 1147 975 in
1162 932 1255 992 regno
1267 913 1322 975 Pol

458 1000 574 1061 lineata
592 999 744 1060 Litusnine
765 1017 799 1059 ac
820 1000 944 1058 caeteris
966 997 1123 1077 provinciis
1145 994 1306 1073 sslionctis,

459 1083 640 1145 Consensum
661 1081 723 1164 (cai
744 1081 796 1142 bos
818 1099 929 1162 quoque
950 1079 1061 1162 Synodi
1085 1078 1276 1143 Toruuiersis

460 1166 572 1248 nurus)
595 1187 652 1227 nun
673 1175 782 1226 tsntum
804 1165 912 1226 bebere
930 1175 963 1239 et
987 1164 1105 1244 legere,
1135 1162 1188 1225 soti
1215 1165 1303 1227 etism

461 1253 550 1325 illius,
573 1261 603 1312 et
624 1249 772 1311 Cauonum
794 1249 823 1308 in
845 1267 882 1309 eo
905 1266 1120 1329 expressorum,
1141 1257 1199 1309 tum
1221 1248 1285 1329 ipse

464 1347 524 1395 tun
544 1333 600 1395 sibi
622 1333 804 1409 commissum
823 1333 997 1413 gubernare.

544 1417 599 1478 tlt.
633 1417 666 1477 ln
693 1415 820 1497 Synodis
845 1415 1081 1496 particularibus,
1104 1424 1135 1475 et
1163 1415 1295 1478 coetibus

461 1502 559 1582 mules
580 1500 673 1561 solent
693 1499 794 1560 baberi
813 1501 843 1559 in
866 1499 948 1578 isrijs
967 1497 1173 1572 Pasabslibus,
1206 1510 1257 1560 sut
1285 1500 1322 1561 ali

462 1582 676 1647 accommodato
701 1593 850 1663 tempore,
881 1581 917 1642 sd
937 1583 1081 1642 minimum
1100 1582 1190 1643 semel
1212 1595 1318 1663 quotes

462 1668 628 1730 Consensus
646 1687 709 1728 eum
732 1666 859 1748 Synodis
883 1665 1085 1726 Generalibus.
1099 1666 1129 1725 iu
1159 1684 1195 1727 eo
1220 1679 1317 1729 conte

461 1764 493 1813 et
509 1755 587 1814 iuxta
607 1752 683 1811 illum
704 1770 824 1812 namen
839 1750 973 1812 Fratrum
995 1759 1027 1809 et
1046 1747 1235 1811 membrorum
1250 1749 1314 1813 Ere

461 1846 574 1897 matur:
608 1835 712 1915 quique
731 1835 825 1914 aliqua
853 1836 882 1894 in
904 1851 938 1894 re
961 1830 1116 1913 deliquisse
1136 1831 1310 1914 deprehensi

462 1931 579 2000 gantur,
602 1928 632 1979 et
653 1918 682 1977 in
700 1936 767 1978 reos
791 1918 839 1977 list
861 1917 992 1976 executio
1015 1915 1193 1997 disciplinae.

545 2002 597 2063 tv.
626 2000 732 2061 Nullus
752 1998 1015 2080 Superattentlens,
1044 2010 1095 2059 aut
1112 1999 1238 2075 Senior,

464 2087 612 2148 nisterium
634 2096 665 2144 et
686 2103 786 2144 munus
805 2085 947 2164 pastorale
960 2085 1086 2156 mittere,
1110 2094 1159 2145 sut
1171 2083 1317 2146 Patronus

464 2179 564 2229 coetus
587 2177 708 2240 noster,
741 2186 794 2246 pro
815 2166 951 2227 Ministro
978 2168 1109 2247 resipere
1135 2166 1258 2242 enicat,
1286 2169 1317 2229 ni

462 2253 519 2312 rite
544 2249 709 2323 ordinatus,
736 2260 898 2311 etcertum
927 2251 1030 2311 babent
1050 2251 1242 2312 testimouium
1263 2251 1320 2313 Co

464 2333 587 2406 scribet,
611 2344 643 2394 et
663 2333 817 2395 secundnm
837 2351 901 2394 eum
927 2354 994 2394 sese
1013 2344 1108 2414 gerat.
1245 2340 1251 2349 ‘

546 2416 586 2479 V.
623 2415 753 2490 Quilibet
779 2415 1025 2497 Superatteudens
1060 2419 1121 2478 sire
1157 2419 1245 2479 etism
1271 2417 1314 2482 Se

463 2500 566 2562 babent
591 2499 694 2560 librum
717 2497 883 2561 Conuersus
909 2501 944 2562 ad
971 2500 998 2561 id
1026 2512 1170 2582 paratum,
1205 2503 1233 2562 in
1256 2525 1313 2583 quo

466 2605 546 2645 suurn
564 2587 679 2665 propria
701 2605 784 2644 runnu
806 2585 962 2656 adscribat,
986 2596 1016 2645 et
1035 2605 1133 2646 omnes
1146 2585 1298 2646 Ministros

464 2690 543 2759 suurn
564 2670 767 2758 pertinentes,
796 2670 971 2757 subscriptos
995 2669 1108 2729 habeat.
1160 2670 1245 2743 Quod
1274 2674 1321 2750 qui
