2648 4928
303 291 357 361 Ito
383 292 472 361 onitu
495 298 603 363 sonet.
643 292 697 361 Do
722 292 865 363 ieiuniis.
1062 292 1140 395 813

134 475 183 556 qui
204 471 400 554 superioribus
427 471 532 532 secutis
558 473 855 548 inhonestiorem,
881 484 913 535 ot
941 472 989 537 his
1015 478 1141 541 miseriis

101 560 155 632 sti,
180 560 209 618 in
233 558 343 617 hentnm
366 558 449 615 vitum
470 556 579 636 accepti
607 565 692 627 sunt,
720 576 818 619 rerum
841 558 927 619 etium
953 558 990 623 do
1011 560 1065 637 iis,
1092 564 1141 645 qui

122 645 151 702 in
175 640 279 701 mundo
300 649 374 699 sunt.
420 637 528 698 Omnes
555 639 630 699 enim
658 640 686 698 in
708 637 854 701 Christum
883 639 1055 717 erodentes,
1078 647 1142 707 uhi-

101 744 138 786 uo
161 725 287 804 gentium
312 733 416 800 agunt,
438 721 530 782 suncti
560 731 634 783 sunt.
676 718 717 781 Et
744 723 774 782 hi
795 743 893 784 omnes
914 716 1142 806 regenerationis

101 829 142 869 ·ro
161 809 260 879 uhiuti,
284 808 413 885 interque
434 803 491 865 liei
518 806 590 864 tilios
613 825 648 865 uo
675 805 815 867 heoredes
836 806 953 870 adsensi
984 822 1063 885 sunt,
1086 810 1143 874 tte

101 890 225 959 hristum
246 891 337 969 gratis
358 888 475 960 donati,
499 887 665 964 iustificati,
688 889 828 951 charitate
847 892 877 952 in
898 912 997 955 omnes
1018 894 1143 975 ungun-

101 973 163 1037 fluo
184 973 390 1051 Ecclesiuoquo
413 973 571 1032 ministerio
598 991 615 1033 a
647 974 773 1053 percutis
798 973 1004 1051 emundentur,
1032 976 1142 1040 Christi

101 1059 140 1119 ori
162 1068 193 1119 ot
214 1057 344 1134 sanguini
366 1057 582 1128 communicans,
606 1053 642 1117 ud
663 1054 736 1116 honr
758 1076 846 1136 opero
867 1050 990 1135 noenta,
1012 1057 1052 1124 eti
1069 1080 1144 1145 qne

101 1143 135 1201 iti
158 1152 236 1213 sunt,
258 1149 290 1199 ut
314 1140 343 1199 in
365 1140 409 1199 eis
431 1139 588 1211 ambulent,
608 1138 661 1199 toti
681 1139 867 1203 contendunt.

101 1224 176 1285 llos
197 1221 328 1304 equidem
350 1242 469 1294 omnes,
491 1220 584 1283 adhue
605 1221 651 1284 hio
671 1222 700 1283 in
722 1224 796 1284 riuis
816 1234 958 1305 ugentes,
977 1234 1009 1289 ot
1030 1226 1143 1291 nortui

100 1328 113 1369 r
132 1305 258 1378 indutos,
280 1304 392 1367 divinae
422 1307 523 1367 literne
542 1303 664 1367 Sanetus
686 1306 847 1387 appellunt,
872 1319 889 1372 1
911 1306 994 1371 Petr-
1015 1319 1049 1375 2.
1077 1308 1143 1375 Vos

119 1411 212 1473 genus
235 1390 365 1462 eiectum,
388 1399 419 1449 et
438 1389 536 1469 regulo
557 1388 758 1461 sacerdotium,
782 1411 854 1471 gens
876 1402 987 1466 unctu,
1008 1394 1143 1475 penius,

100 1497 126 1537 m
156 1476 265 1535 luorum
291 1474 425 1534 necessit.
469 1473 541 1532 ltem
565 1472 690 1546 Penius,
718 1472 893 1537 2Corinth.
921 1484 985 1556 lh]
1013 1476 1145 1540 sununs

100 1578 202 1619 omnes
222 1558 325 1619 suncti.
367 1556 408 1617 Et
427 1556 513 1617 aiibi:
537 1553 667 1617 Salutate
688 1576 801 1630 ornnes,
823 1559 873 1639 qui
891 1571 1029 1640 preerunt
1047 1561 1143 1634 vohis,

100 1660 179 1703 mnes
200 1652 325 1713 sanctos,
348 1639 378 1700 id
401 1649 456 1712 est,
479 1638 579 1700 fideles
600 1659 651 1699 sen
674 1638 867 1702 Christianos.
910 1642 995 1704 Hero
1015 1642 1063 1705 ot
1082 1663 1145 1707 rem

100 1736 147 1799 nt,
169 1722 243 1804 quod
266 1725 333 1784 iicet
354 1743 423 1805 prno
444 1724 509 1783 aliis
529 1721 712 1783 Christianos
733 1744 845 1799 omnes,
867 1726 1054 1788 maiorotiu·
1076 1726 1146 1789 ehu·

100 1832 111 1870 ι
133 1808 305 1888 complecti,
340 1809 438 1888 eisque
459 1827 523 1867 cum
551 1807 643 1878 etius,
668 1816 727 1868 tum
751 1808 783 1870 in
813 1810 987 1872 uecessitnto
1012 1830 1146 1891 proeter-

121 1892 277 1955 euxiiinros
306 1911 404 1952 monus
434 1890 578 1970 praehere
614 1888 787 1965 dehenmus,
822 1892 859 1953 iis
888 1902 982 1955 tumen
1010 1894 1145 1969 mnrium,

99 1976 198 2039 eudem
220 1975 366 2035 nobiscnm
386 1974 515 2034 doctrina
537 1984 566 2033 ot
590 1972 645 2034 hdo
675 1971 803 2035 defuncti
822 1986 900 2049 sunt,
922 1996 1041 2057 eamque
1062 1978 1146 2039 iustis

99 2060 205 2131 imunt,
228 2059 442 2140 quibuscunque
464 2058 492 2115 in
523 2055 609 2116 nehus
638 2076 800 2137 possumus,
823 2059 888 2120 usui
908 2078 975 2122 esse
994 2058 1143 2123 dehemus.

99 2163 150 2223 qne
168 2140 438 2203 conchristianum
459 2139 652 2199 u'oritntemot
672 2137 828 2201 doctrinam
850 2151 1007 2217 sectentur,
1029 2144 1058 2203 in
1080 2162 1148 2204 son·

99 2236 130 2288 st
150 2227 277 2288 iraternn
298 2224 436 2283 societate
465 2220 609 2280 habendos
617 2264 629 2293 ,
660 2240 695 2282 ae
718 2220 792 2282 hono
810 2242 925 2304 sempor
944 2224 981 2285 rio
1002 2222 1060 2287 itti·
1079 2244 1147 2287 sen·

103 2331 176 2383 mm,
208 2308 390 2387 honoreque,
414 2325 431 2364 n
452 2303 553 2385 quihus
579 2314 610 2362 ut
639 2323 692 2383 pro
714 2303 796 2365 nohis
818 2316 918 2379 orent,
946 2308 1061 2387 pietatis
1082 2309 1147 2370 iuro

99 2396 182 2456 iroro
203 2393 286 2464 iicet,
311 2392 347 2451 oh
370 2388 532 2458 Christum,
556 2383 793 2468 Christianueque
819 2389 968 2450 eheritntis
992 2390 1146 2466 vinculum,

99 2474 225 2548 hundos,
254 2491 408 2553 eorumque
437 2467 592 2535 commodis
621 2479 652 2532 et
673 2469 766 2531 'rohns
796 2470 999 2534 eousuiondnm
1027 2472 1144 2551 doeont.

123 2581 181 2623 non
209 2568 240 2619 nt
275 2579 309 2622 so
339 2560 443 2640 quiquo
476 2556 587 2617 illorum
620 2553 754 2637 precihus
781 2554 997 2631 commendent,
1032 2558 1148 2640 nequino

99 2656 192 2707 intur.

107 2728 191 2791 Istos
220 2737 312 2787 nutem
342 2725 390 2806 qni
411 2722 519 2785 Christi
547 2742 650 2784 nomen
676 2722 863 2803 profitentur,
891 2742 989 2784 verum
1015 2724 1150 2806 nequiter

98 2814 176 2892 mpio
197 2812 306 2880 vivunt,
329 2819 378 2868 nut
398 2810 472 2868 suisa
493 2806 622 2868 doctrina
651 2806 768 2880 irretiti,
802 2826 901 2868 erroro
922 2825 955 2867 so
975 2820 1146 2889 agnoscunt,

98 2903 167 2955 tum
194 2895 223 2952 in
246 2912 413 2970 unoquoque
430 2894 512 2951 situm
543 2900 603 2962 est,
632 2889 793 2951 humaniter
813 2887 1018 2970 corrigendos,
1039 2901 1070 2951 et
1095 2911 1150 2971 per

98 2978 202 3039 itatem
227 2974 405 3035 sufferendos
426 2993 494 3035 esse
516 2971 630 3046 «locent,
646 2972 797 3055 Deumque
813 2970 1000 3053 ommatium,
1020 2992 1077 3054 quo
1098 2994 1150 3035 eos

98 3062 200 3123 iniustis
227 3059 301 3118 rium
323 3068 459 3131 revocet,
490 3067 522 3120 ut
547 3054 736 3137 Evungoiium
763 3057 873 3138 glorios
894 3054 1004 3125 Christi
1029 3064 1150 3125 ornetur

98 3145 222 3207 mnibus.

463 3306 519 3373 DE
537 3306 710 3373 tutunus.

395 3447 653 3509 Artiouior
683 3445 795 3510 XVIII.

117 3565 228 3631 ieiunio
257 3564 347 3625 nostri
373 3563 477 3624 cultum
506 3562 645 3646 quendum
669 3574 818 3624 externum
844 3555 950 3641 inpiis
972 3577 1059 3635 esse,
1083 3557 1151 3623 neo

106 3647 317 3721 exhibendum,
340 3667 431 3727 enque
454 3667 506 3727 pro
518 3667 716 3729 personarum,
737 3641 879 3725 gentium,
900 3644 1027 3705 iocorum
1049 3663 1085 3705 no
1104 3664 1152 3705 re·

121 3737 255 3805 retione,
284 3754 301 3793 n
328 3734 437 3792 eunetis
468 3744 498 3792 et
518 3747 686 3810 unoquoquo
714 3730 799 3789 etium
821 3727 893 3789 citro
920 3747 953 3787 su
973 3729 1151 3788 erstitiooem

97 3818 257 3903 ‚ypocrisin
280 3835 397 3878 servare
419 3814 534 3874 docent.
579 3813 643 3873 Nee
664 3810 708 3872 sui
721 3810 787 3872 huin
800 3802 931 3871 Artieuio
948 3748 1052 3871 «ierunt
1070 3810 1153 3871 Seri·

97 3921 137 3965 ue
169 3901 244 3962 loci:
276 3897 335 3958 Sed
365 3899 500 3959 omultis
529 3906 634 3955 tontum
661 3895 691 3955 hi
721 3906 821 3965 sunto,
854 3886 969 3955 2Cor.
993 3900 1025 3957 6.
1065 3888 1153 3953 Com·

97 3988 205 4049 demus
228 4004 279 4044 nos
301 3985 395 4061 ipsos,
416 3993 448 4042 ut
468 3976 526 4041 Dei
549 3979 682 4049 ministri,
708 3989 765 4039 ete.
789 3978 818 4037 in
839 3975 964 4037 ieiuniis.
1007 3970 1047 4035 Et
1067 3975 1153 4035 Chri·

119 4070 283 4131 Dominus:
313 4067 415 4135 Tuuo‚
440 4066 551 4145 inquit,
574 4062 747 4122 ieiunnhont.
792 4060 917 4121 Rursum
946 4059 976 4118 iu
1002 4058 1060 4119 olio
1088 4059 1152 4119 ioco

96 4153 159 4225 ius,
191 4164 222 4210 ut
243 4151 350 4211 vocetis
372 4149 478 4209 ieiunio
501 4157 531 4208 et
550 4143 718 4227 precationi.

118 4236 239 4299 Doeent
260 4231 376 4303 deindo,
398 4252 455 4294 non
477 4250 543 4292 osso
566 4230 699 4290 ieiunium
715 4226 743 4287 in
760 4224 926 4288 discrimino
943 4223 1081 4295 ciborum,
1104 4222 1156 4287 set

96 4339 179 4387 mroo
201 4320 313 4380 iliorum
333 4325 456 4396 sumptu,
479 4311 647 4389 sobrietate,
669 4321 700 4374 et
719 4310 918 4395 temperantis,
939 4318 971 4371 ot
990 4309 1036 4370 sni
1055 4326 1157 4389 corpo·
