2648 4928
52 1048 59 1069 ,
179 989 270 1053 nuno
294 989 361 1049 linia
388 990 503 1050 centeri
533 988 628 1051 debet.
680 988 746 1064 Quo
771 988 862 1067 mugio
889 984 1039 1048 ridiculum
1064 996 1112 1047 eet
1131 986 1231 1069 Pigbii
1253 1006 1322 1057 nr.

182 288 269 382 250
521 300 715 379 (inmensus
736 303 974 377 Geueveuaie.
996 380 1001 389 ,

181 590 220 635 en
233 570 331 649 colligi
351 567 434 644 dicam
455 572 561 633 nullum
581 571 716 633 babuisse
735 562 897 649 respectum
914 570 978 643 sui,
1000 580 1032 629 ut
1046 569 1176 633 bominac
1197 570 1228 633 in
1284 638 1288 645 ,

145 718 149 729 ,
180 654 256 715 elan
276 672 356 737 enam
375 665 500 717 crearet.
544 646 623 729 Quid
647 655 723 714 enim
744 653 801 714 sibi
820 653 879 713 vult
901 651 970 713 illud
992 652 1177 726 Solomonia,
1199 652 1305 733 (Ρή

183 738 238 813 lli,¹
255 737 307 816 t.)
330 737 435 801 omnia
455 748 572 820 propter
591 738 716 818 seipaum
735 747 870 817 operatua
890 747 936 798 eet
953 735 1117 804 Dominari
1134 736 1220 799 Nibil
1234 734 1322 819 affl·

179 820 299 889 absurdi
319 832 381 895 ost,
406 823 431 883 ri
453 820 621 895 dixerimus,
640 820 757 895 Deum,
779 821 891 880 tametsi
913 820 1019 881 nulline
1039 830 1194 900 egenum,
1216 820 1322 891 but..

97 938 100 945 ·
180 924 249 971 ιιιιιι
269 914 364 967 tamam
384 923 476 987 genna
495 907 526 967 in
547 926 626 966 anam
645 906 764 985 gloriam
784 922 914 964 creasse.
954 903 1003 964 ·Ac
1017 904 1128 971 -merito
1147 904 1199 965 bic
1218 904 1302 985 publ

180 485 278 553 noun
299 485 395 549 iateor
413 484 491 549 nullo
509 498 630 550 externo
648 484 824 547 adminiculo
841 483 949 557 babere
969 468 1058 568 opnor
1084 444 1127 547 ite
1144 482 1322 713 being

178 1070 311 1153 pbiama,
333 1070 486 1150 quilleum
508 1074 585 1134 nnllo
604 1072 715 1153 gloriae
735 1090 804 1144 auae
820 1081 953 1148 resprectu
975 1072 1004 1130 in
1021 1070 1145 1131 bominis
1156 1072 1314 1153 creadaffj'

179 1164 291 1217 notun·
307 1155 398 1217 fuisse
418 1157 544 1238 colligit,
572 1158 638 1238 quia
664 1158 702 1216 rit
722 1157 752 1216 in
779 1173 811 1214 se
832 1155 1070 1233 perfectissimus.
1114 1152 1177 1217 Sed
1199 1168 1317 1237 opum,

200 1238 303 1299 radun
323 1250 369 1299 eat
387 1238 507 1314 audire,
533 1238 673 1320 quomodo
699 1257 733 1300 se
760 1258 797 1300 ex
819 1238 869 1298 illo
889 1238 1059 1298 Solomonis¹
1071 1238 1135 1297 loco
1154 1237 1314 1321 σηοω

211 1340 264 1383 eus
282 1326 401 1403 propter
411 1325 544 1404 scipsum
565 1322 692 1385 condidit
712 1323 818 1383 omnia.
862 1321 930 1382 Non
954 1323 1020 1402 quia
1048 1321 1160 1401 gloriae
1181 1342 1263 1385 enee.
1317 1387 1320 1394 ,

179 1404 324 1467 redemta
346 1403 403 1483 aed
413 1412 532 1488 propter
547 1427 617 1468 auae
630 1407 765 1467 bonitatis
786 1406 1014 1466 immensitatem.
1046 1409 1093 1464 Ac
1116 1424 1154 1466 no
1296 1466 1318 1485 Ι,

178 1486 577 1552 οιισιῑίοιιιιίοοιιοιοιιιιιιιιι
598 1486 814 1570 negat(l.ib.7.
828 1489 1181 1571 c.2.)ullosiuterpretea
1228 1529 1252 1539 „
1285 1545 1315 1566 ..

179 1571 302 1644 nume,
325 1584 441 1652 praeter
456 1594 575 1655 pancos,
598 1585 630 1634 ut
648 1556 711 1653 ipde
727 1576 786 1646 ait,
807 1571 993 1633 detestabiler
1008 1572 1183 1635 baereticae.

178 1672 252 1733 ergo
264 1654 430 1717 refellendis
443 1667 499 1717 tam
513 1658 640 1719 futilibus
655 1658 740 1736 nugis
756 1656 913 1716 immorcr‘l
935 1655 1081 1716 liebraioa
1098 1674 1163 1719 vot
1170 1654 1322 1725 mr·

179 1738 296 1815 mla,
317 1758 373 1820 qua
389 1741 478 1803 utitur
489 1740 623 1814 Solomo,
645 1740 807 1801 tantundem
825 1740 920 1812 valet,
944 1741 1005 1801 ansi
1025 1739 1089 1819 quie
1107 1738 1233 1815 diecret,
1249 1732 1301 1807 ss
1319 1752 1322 1803 j

179 1838 295 1883 etun
311 1824 369 1884 rui.
396 1824 492 1885 Homo
509 1825 668 1886 remilatiua
679 1824 846 1904 garrulitate
866 1824 980 1884 iullatna
1000 1822 1083 1883 nobie
1101 1824 1221 1904 exponit
1233 1812 1322 1905 ss·

178 1904 323 1985 ripificet
341 1905 506 1968 adverbium
519 1907 656 1989 Propter.
701 1905 785 1982 Quod
805 1909 831 1968 si
845 1917 951 1987 guttam
974 1905 1095 1967 baberet
1114 1922 1209 1969 aneu
1222 1900 1297 1971 εὖ

177 1988 237 2062 tit,
266 2000 417 2052 σοιῑοιιιιι
439 1993 502 2071 ipso
522 1993 600 2053 clare
622 1989 817 2066 demonstrat,
847 2010 904 2053 non
925 1990 1016 2051 luisse
1036 2001 1153 2052 creatos
1172 1991 1208 2055 ὶι
1220 1988 1299 2067 hs

178 2069 261 2133 exitii
281 2073 401 2156 impior,
423 2076 480 2135 nini
498 2076 564 2155 qnia
579 2075 661 2137 Deus
680 2094 759 2136 suam
772 2076 802 2135 in
822 2074 878 2134 illie
892 2073 1010 2152 gloriam
1031 2073 1178 2137 illustrare
1196 2072 1296 2137 Μ

177 2154 412 2237 qpcmdmndum
430 2159 499 2221 alibi
519 2157 628 2234 (uxot.
643 2166 683 2232 u,
704 2158 771 2238 to.)
799 2157 970 2239 pronunciat
988 2155 1172 2220 Pbaranneaa
1192 2152 1296 2227 hb
1319 2214 1322 2239 ἶ

177 2256 266 2301 cauta
284 2240 376 2303 inisse
396 2260 415 2304 a
433 2260 467 2303 ee
487 2244 660 2316 excitatum,
681 2253 712 2303 ut
731 2261 834 2304 nomen
847 2259 934 2309 ,auum
954 2243 985 2300 iu
1003 2241 1138 2319 gentibue
1156 2238 1291 2322 pedo·

177 2331 236 2383 [οι.
277 2321 373 2387 Porro
380 2367 392 2399 ,
420 2336 453 2386 nt
474 2336 531 2387 tam
554 2327 663 2387 insulso
684 2327 778 2386 errori
797 2326 921 2386 colorem
942 2323 1075 2397 indurat,
1107 2324 1296 2389 teatin&-

175 2402 272 2477 Ueni·
285 2406 417 2470 adducito
445 2408 530 2471 Nunc
550 2410 639 2471 lsrael
655 2408 721 2490 quid
739 2410 831 2491 poscit
848 2407 900 2468 aba
919 2418 948 2468 te
963 2407 1105 2470 Domiuno
1123 2406 1208 2469 Deua
1221 2418 1309 2491 tq·

177 2486 235 2549 niti
256 2491 383 2552 utillum
404 2511 484 2553 ames
502 2505 533 2554 et
551 2493 652 2554 colas?
672 2492 738 2572 Ego
755 2511 825 2552 vero
845 2492 986 2552 neminem
1006 2510 1042 2551 ex
1060 2491 1220 2553 lectoribus
1237 2490 1298 2553 iate

177 2568 252 2633 adeo
272 2574 378 2635 l'atuum
396 2575 520 2649 conlido,
545 2579 592 2657 qui
612 2598 667 2636 uon
691 2576 787 2637 videat
805 2577 945 2634 bominem
965 2586 1060 2634 mente
1081 2578 1223 2655 privatum
1238 2574 1296 2635 aina

176 2653 286 2737 pudore
302 2657 455 2722 blaterare.
487 2663 564 2736 Quid
582 2662 681 2721 euim?
700 2682 734 2720 au
750 2661 814 2739 qnia
829 2670 942 2718 nostrae
960 2661 1053 2737 potins
1072 2660 1294 2721 urtttudaeaarn

176 2756 260 2819 quam
282 2759 362 2815 auae,
386 2765 404 2804 a
425 2745 506 2804 nobis
528 2746 583 2804 coli
598 2744 767 2805 vultDeusr
791 2742 856 2803 ideo
872 2743 980 2820 sepulto
1001 2744 1110 2821 gloriae
1132 2762 1291 2815 suaeeura,

177 2841 230 2881 noe
250 2832 358 2886 tantum
377 2828 519 2910 respicit?
540 2828 579 2887 Et
598 2827 664 2907 quid
687 2838 730 2887 tot
748 2827 918 2887 testimoniis
942 2826 1009 2897 fiet,
1032 2846 1104 2905 quae
1125 2827 1226 2886 salutis
1247 2826 1294 2887 ba·

177 2924 278 2966 manae
299 2928 436 2973 summum
457 2924 487 2972 et
508 2913 634 2971 ultimum
658 2913 740 2970 finem
758 2921 883 2970 statuunt
904 2908 960 2968 Dei
979 2909 1119 2987 gloriam?
1142 2909 1227 2990 Ergo
1243 2909 1292 2971 bue

177 2990 289 3051 axioma
311 2996 507 3057 retinendumr
530 2996 580 3054 Sic
597 2994 662 3055 Deo
684 2995 772 3053 luisse
794 3012 881 3053 curae
902 2993 1018 3051 salutem
1038 3005 1185 3066 nostram,
1207 2993 1298 3055 1131·-

176 3092 233 3135 non
253 3075 356 3161 oblitus
377 3080 496 3157 gloriam
516 3098 595 3137 suam
613 3078 703 3157 primo
725 3078 788 3137 loco
808 3077 943 3148 haberet,
965 3076 1092 3156 adeoque
1110 3088 1199 3137 totum
1220 3096 1294 3137 ιιιι·

177 3153 242 3217 dtuu
268 3158 400 3222 boeliae
427 3159 608 3232 condidisse,
638 3171 669 3219 ut
694 3161 804 3239 gloriae
834 3180 902 3219 suae
931 3159 1071 3219 theatrum
1094 3162 1181 3220 foret.
1204 3160 1290 3241 (lint.

179 3241 270 3317 hb.)
291 3241 357 3303 Non
380 3244 453 3325 quod
467 3244 512 3303 rel
533 3246 628 3323 seipso
646 3255 796 3304 contentus
818 3265 873 3302 nnn
895 3245 948 3314 sit,
968 3244 1013 3302 vel
1024 3246 1172 3323 quicquam
1184 3242 1291 3305 aliunde

177 3327 297 3386 mutuari
317 3347 388 3406 opus
410 3328 530 3390 babent:
554 3327 607 3387 acal
627 3330 691 3407 qnia
710 3329 763 3388 lroc
784 3326 891 3387 honoro
912 3327 1043 3404 dignatos
1065 3338 1111 3387 est
1130 3348 1199 3389 suas
1217 3346 1292 3390 crea·

176 3418 274 3481 turae,
296 3419 328 3467 ut
351 3410 408 3471 illie
430 3412 558 3491 insignes
579 3413 687 3490 gloriae
709 3430 777 3471 sune
799 3422 881 3470 notos
904 3413 1091 3490 imprimeret.

257 3490 412 3572 Postquam
435 3508 491 3555 ῑιιιι
512 3494 613 3556 dextre
634 3516 754 3556 exorsus
772 3495 968 3572 cstl’iglrius,
991 3496 1108 3554 alterum
1127 3493 1213 3556 inem
1229 3494 1291 3557 rub·

176 3573 257 3637 iieitr
278 3575 364 3649 Quod
383 3578 466 3639 Deus
485 3578 520 3638 ad
542 3599 610 3639 aune
623 3580 764 3639 bonitatis
786 3590 912 3638 naturam
928 3580 1102 3656 respiciens,
1128 3580 1194 3641 eius
1215 3598 1294 3660 capa·

176 3674 239 3717 eom
260 3659 358 3721 iacere
378 3664 502 3724 voluerit
522 3664 686 3723 rationalem
707 3674 885 3723 creaturam:
909 3662 982 3741 qnod
996 3664 1058 3722 sine
1079 3663 1193 3724 arbitrii
1211 3663 1295 3725 liber·

175 3751 236 3801 tale
253 3743 316 3803 lueri
337 3748 462 3824 potuisse
482 3758 579 3826 negat.
611 3748 676 3807 lloc
697 3749 849 3817 coulessn,
874 3766 959 3804 ruere
978 3746 1132 3805 arbitretur
1151 3746 1227 3826 quod
1247 3745 1297 3807 do·

176 3843 251 3898 een,
283 3827 329 3888 Ex
344 3841 469 3891 aeterno
494 3831 550 3891 Dei
576 3831 693 3892 decreto
715 3832 895 3890 constitutum
926 3831 1015 3888 luisse
1038 3831 1113 3888 inter
1134 3831 1244 3891 clertoa
1267 3840 1297 3892 el

176 3911 315 3988 reprobor
334 3911 503 3975 discrimen:
526 3917 590 3995 quia
604 3916 716 3975 seilicet
738 3914 820 3973 bomo
842 3914 954 3972 luturue
971 3934 1040 3971 suan
1059 3912 1233 3975 conditionis
1250 3934 1298 3975 ar·

175 3992 268 4068 biter,
292 4008 439 4079 utramque
462 4001 603 4059 fortunam
625 4000 655 4057 in
677 4019 759 4057 manu
780 3998 920 4056 babuerit.
957 3996 1097 4055 illonentli
1121 4000 1237 4074 quidem
1251 3999 1298 4060 bic

176 4082 206 4139 in
232 4083 332 4162 primia
352 4082 539 4162 hortandique
560 4092 626 4142 suot
644 4082 783 4156 lectores,
805 4092 851 4151 ut,
876 4100 931 4160 quo
951 4079 1036 4139 dccet
1062 4081 1190 4154 bonore,
1220 4084 1301 4143 licto·

174 4182 235 4227 rem
257 4176 287 4226 et
303 4168 433 4247 opificem
455 4188 535 4226 suum
557 4165 650 4225 Deum
674 4174 897 4245 prosequentes,
921 4161 957 4221 nd
980 4163 1220 4226 considerandum
1237 4169 1300 4227 eina

174 4251 321 4313 eonsilium
344 4253 373 4310 iu
395 4253 541 4311 creatione
564 4249 677 4310 bumani
697 4248 814 4327 generis
837 4267 893 4307 non
915 4258 1065 4325 protervos
1095 4249 1197 4309 oculos
1216 4252 1299 4331 inge-

173 4344 257 4411 rant,
279 4332 333 4397 red
354 4335 447 4416 ipsum
470 4344 657 4406 reverenter,
680 4332 777 4394 sobrio
796 4342 827 4392 et
846 4350 917 4410 puro
936 4329 1003 4393 lidci
1022 4331 1105 4392 oculo
1125 4333 1297 4417 suspiciant.
