2648 4928
640 58 773 127 4„

28 326 38 335 -
120 300 195 379 rm
438 298 670 375 mnan..
698 284 945 375 omna-t

119 486 213 563 Quum
234 486 309 549 eninr
329 502 451 567 corpore
469 492 569 544 nostra
589 480 715 543 membra
741 482 799 542 rint
824 478 894 543 leon
913 478 1045 556 ment,
1073 480 1133 547 indi

118 570 229 633 neom
242 577 333 641 esset,
354 566 484 631 nonore
498 564 623 627 membra
643 565 755 624 fierent.
797 563 900 645 ltaque
917 574 1018 626 saneto
1038 566 1133 629 et··rsi

46 714 52 724 ,
117 651 259 715 amanda
277 662 311 715 et
328 646 517 713 emtodienda
541 658 615 710 sunt.
661 646 737 708 Nam
756 648 784 707 si
803 649 867 728 quis
893 649 1028 729 temple·
1051 648 1131 711 Dei'

116 738 203 810 verit,
225 750 288 799 enat
305 732 447 795 Dominus
467 732 540 793 nale
561 728 672 812 perdet.
805 774 816 797 .
1060 734 1063 739 '
1115 752 1123 769 ·-

198 820 264 881 Vos
284 819 373 898 igitur
392 813 412 898 (
411 830 543 897 sponsum
557 825 590 876 et
600 818 732 894 sponsam
747 815 860 875 nones
949 815 1022 900 diet)
1044 814 1133 881 N]

117 902 290 975 dubitantes,
315 901 370 964 ineo
393 919 411 960 a
432 898 498 959 Deo
519 899 677 959 institutum
698 916 775 969 esse,
797 898 880 977 sequi
921 898 951 958 in
970 898 1027 960 hoe
1049 900 1133 963 senei

116 987 295 1049 matrimonio
317 993 438 1083 aetatem
460 1000 554 1080 agere·
569 981 667 1080 ruitis,
690 978 1133 1129 quodgpp'ritpntetsffiienppg

114 1068 803 1233 rdddtndndddduddddrnhddlddidddmsitrsem
825 1144 961 1209 Ecclesia
982 1151 1047 1209 eius
1067 1166 1133 1213 sate

115 1235 292 1311 minamini,
315 1232 491 1318 postulantes
511 1241 543 1291 nt
562 1229 617 1291 hoe
636 1240 762 1292 oestron
783 1230 933 1293 eonsilium
955 1234 1133 1314 comprobem

483 1332 685 1413 Respondent,
716 1328 856 1396 Maxime.

596 1433 742 1495 Minister.

164 1526 263 1603 ‘tos
283 1553 338 1614 ego
356 1552 457 1596 onnes
475 1533 525 1615 qni
553 1540 719 1614 praesentes
744 1528 852 1595 adestis
879 1543 972 1595 testes
993 1533 1133 1615 ieeio,pn

113 1626 148 1681 nt
166 1614 251 1679 huius
270 1618 314 1681 rei
335 1618 498 1679 memoriam
519 1613 660 1678 momen.
705 1614 873 1695 Quanquam
894 1618 920 1678 si
941 1618 1005 1697 quis
1025 1627 1133 1697 esunt

113 1698 305 1780 pedimentum
323 1698 437 1781 aliquod
456 1718 522 1761 esse
544 1698 684 1777 intelligat
709 1709 758 1757 aut
786 1699 887 1761 horum
906 1700 1030 1763 alterurn
1049 1700 1133 1763 note

112 1804 177 1846 eum
197 1783 288 1845 altere
308 1802 374 1847 esse
395 1784 589 1856 eoninnetnnt,
611 1779 642 1841 id
662 1783 807 1844 enunciet.

196 1884 236 1947 Si
244 1904 325 1945 nuto
336 1884 534 1954 eostrsdt'eet,
558 1891 617 1945 sen
631 1883 779 1953 Minister,

182 1964 352 2041 eurotam,
372 1968 478 2045 annuit,
497 1984 580 2027 nemo
605 1966 718 2043 estqui
740 1964 928 2038 contradicat,
952 1987 1048 2049 neque
1067 1968 1133 2031 adst

105 2046 362 2131 'inpedimentum
383 2046 526 2109 Dominus
547 2046 630 2108 Deus
650 2056 776 2108 sanetom
804 2049 954 2110 eonsilium
976 2064 1102 2114 vestrum

110 2142 193 2207 net,
208 2128 290 2279 duno:
309 2130 392 2194 votis
412 2130 550 2211 elargitus
571 2140 635 2204 est,
657 2131 823 2210 initiumque
841 2133 896 2193 noo
917 2146 1044 2196 vestrum
1064 2070 1133 2209 sitd

112 2214 192 2279 nine
287 2214 342 2289 ini,
362 2216 412 2296 qui
432 2214 504 2275 insit
522 2213 631 2274 eaelum
653 2223 682 2273 et
704 2225 821 2288 terrem,
843 2215 948 2278 Amem

169 2373 174 2384 ,
195 2317 333 2379 sineno
343 2334 476 2395 sponsenr
486 2315 636 2394 oppedam
646 2313 693 2373 dis
706 2333 769 2374 enm
779 2316 874 2377 nordh
884 2314 1015 2400 essitare

194 2398 242 2461 'l'n
254 2396 296 2461 N.
319 2398 461 2478 profiteris
483 2396 531 2457 hie
551 2397 580 2455 in
602 2408 754 2476 conspeetu
766 2406 825 2459 tum
840 2398 899 2460 Dei
920 2413 977 2464 tuor
993 2412 1114 2467 moetas.
1129 2402 1133 2461 i

110 2472 278 2554 atomo,
298 2477 406 2541 dneere
421 2479 493 2541 teia
512 2498 642 2560 sponsam
658 2490 687 2540 et
701 2500 818 2543 uxorem
827 2482 866 2542 N.
877 2502 959 2563 qoam
977 2485 1024 2547 irie
1044 2490 1133 2566 pressi

111 2563 217 2643 uides,
244 2582 363 2643 umque
385 2574 414 2624 te
436 2562 595 2624 habiturum
617 2563 760 2642 spondes,
791 2586 888 2626 amore
910 2580 1008 2643 utens,
1033 2581 1063 2630 et
1086 2569 1133 2630 eins

110 2647 170 2711 dds
189 2658 221 2709 st
239 2657 400 2720 eoastsnte,
423 2649 507 2708 sicuti
530 2649 569 2727 pii
590 2657 619 2706 et
641 2649 708 2707 boni
728 2651 782 2709 viri
805 2671 904 2709 munros
926 2664 1009 2730 atque
1030 2653 1133 2713 edieinr

112 2731 217 2795 stator:
250 2741 350 2791 sancte
371 2751 435 2791 eum
463 2750 497 2791 ea
519 2742 639 2790 aetatem
662 2751 771 2810 agens,
799 2733 962 2794 fidelitatem
992 2737 1019 2796 ei
1043 2736 1133 2796 omnii

112 2814 200 2877 rebus
211 2825 379 2898 praestans:
402 2816 487 2876 sicuti
507 2815 623 2875 verbum
637 2813 760 2875 divinam
782 2828 866 2898 atque
878 2816 1067 2898 Evangeiium
1088 2839 1133 2903 pot

488 2917 666 2998 Respondet,
694 2913 840 2995 Spondeo.

200 3016 268 3076 Tem
289 3035 420 3096 sponsant
440 3017 598 3096 appellens,
615 3018 718 3095 inquit,
766 3060 770 3065 -

194 3097 241 3158 Tu
255 3096 296 3156 N.
318 3100 461 3176 profiteris
484 3097 530 3157 hie
552 3099 580 3158 in
597 3109 750 3178 conspeetu
771 3108 828 3158 tum
841 3095 899 3159 Dei
920 3109 977 3159 tum
994 3112 1111 3163 sanetae

111 3176 277 3251 Ecclesiae,
299 3182 411 3261 nuptias
432 3191 461 3240 te
474 3178 515 3238 N.
534 3180 732 3260 spopondisse,
755 3183 838 3263 eique
855 3193 950 3262 utpote
973 3184 1101 3263 legitimo
1123 3206 1133 3245 r

112 3260 234 3335 nubere,
257 3263 303 3322 eui
326 3273 354 3323 te
376 3263 593 3343 obsequutoram
615 3264 751 3344 spondes,
774 3271 801 3326 ei
822 3266 1023 3328 inservientem
1047 3268 1134 3349 impet

111 3346 175 3407 eius
195 3344 371 3419 subiectam,
399 3346 484 3406 vitam
507 3358 603 3407 saneto
628 3357 657 3406 et
678 3349 795 3409 honeste
816 3349 974 3422 colentem,
1004 3348 1133 3412 fidelitate

111 3430 139 3488 oi
160 3428 289 3489 omnibns
311 3429 340 3488 in
362 3427 448 3490 rebus
466 3440 676 3510 praestantem
698 3434 782 3493 sicuti
803 3432 913 3492 fidelem
936 3452 1069 3512 sponsam
1093 3454 1133 3497 sn

111 3513 168 3574 rito
188 3522 336 3595 praestare
357 3511 454 3587 decet,
477 3531 514 3574 ea
535 3514 632 3593 reguis
658 3513 745 3575 divini
768 3515 848 3575 verbi
868 3528 897 3577 et
916 3515 1083 3597 Evangelii.

486 3615 664 3691 despondet,
703 3613 848 3695 Spondeo.

554 3717 623 3776 Tam
636 3718 781 3788 Minister,

191 3810 300 3887 Pater,
322 3814 431 3889 inperii,
458 3815 551 3874 omnis
572 3813 808 3890 misericordiae,
831 3820 878 3898 qui
901 3818 1133 3896 benignitatem

109 3894 147 3957 sd
168 3894 223 3955 inne
248 3896 454 3955 sanctissimum
483 3900 689 3957 matrimonium
719 3898 851 3960 adduxit:
884 3914 1000 3981 prepter
1019 3902 1115 3960 iesum

108 3991 184 4041 stum
206 3980 268 4039 eius
282 3978 400 4049 Filium,
424 3982 471 4058 qui
491 3984 669 4040 sanctissima
690 4003 740 4041 sua
758 3989 919 4064 praesentia
934 3987 1133 4044 matrimoniun

108 4063 255 4134 etideavit
279 4062 397 4141 primum
421 4064 458 4122 ihi
483 4066 592 4143 signum
615 4065 703 4124 edens
728 4089 823 4128 eoram
841 4070 1001 4148 Apostoiis,
1026 4068 1133 4127 uobis:

108 4155 166 4206 tom
187 4165 267 4205 snnnt
288 4156 412 4205 maetam
435 4147 588 4225 largiatur:
615 4160 647 4207 ut
669 4151 696 4209 ei
718 4151 746 4209 in
769 4152 822 4211 hoo
845 4155 991 4231 praeeiaro
1018 4162 1048 4210 et
1069 4152 1133 4211 nobi

108 4239 155 4292 tae
178 4247 287 4309 genere
300 4232 410 4289 servire
425 4240 510 4309 atque
526 4231 661 4292 honorem
675 4244 812 4313 perpetuo
826 4236 951 4297 tribuere
965 4235 1097 4314 possitis,
1115 4235 1133 4294 d

189 4310 296 4373 Audite
308 4310 496 4394 Euangeiiutn
517 4326 547 4378 et
565 4327 747 4398 praeceptum
764 4318 893 4393 Domini,
915 4316 1133 4401 quemadmodnr
