2648 4928
149 246 201 323 40
417 244 586 343 zeringill
608 247 774 339 expositio
797 243 990 335 clrelldci
1220 274 1226 281 ·
1251 272 1259 345 p

154 441 332 493 sacramento
353 428 410 489 coli
438 424 562 501 debere,
584 427 663 489 relut
677 446 724 487 rcs
739 444 847 498 sacras,
870 436 989 507 atquae
1011 443 1057 486 res
1073 422 1263 517 sanctissino,

155 515 335 597 slgnilrecnt,
364 524 422 572 tam
450 530 501 573 cas
521 529 594 595 quae
611 521 709 590 gestae
732 520 816 581 sunt,
839 518 896 568 lam
916 527 965 570 eas
987 529 1057 591 quas
1073 530 1125 569 nos
1148 524 1263 601 ageret„

156 610 188 659 ot
212 599 371 678 exprimere
394 594 539 655 debemus.
582 594 624 655 Ut
647 594 809 674 Baptismus
827 592 979 672 significet,
1003 603 1033 653 et
1053 592 1204 653 Christum·
1214 586 1260 671 nd,

87 740 92 745 .
157 682 295 761 unguine
309 700 361 740 suo
374 677 509 751 abluisse,
525 688 556 739 et
569 675 645 759 quod
661 698 712 738 nos
728 677 818 748 illum,
845 687 876 737 ut
890 675 997 736 Paulus
1012 675 1106 749 docet,
1134 675 1263 765 dclrcnpsl

158 761 294 837 induere,
317 764 372 827 hoc
387 774 432 823 est
453 760 489 822 ad
504 762 566 822 eius
588 762 736 821 lormulam
757 761 871 831 vivere;
894 761 936 821 sie
954 758 1135 820 Eucharistia
1156 762 1263 845 quoqn‘}

158 848 318 928 significet,
341 866 405 907 cum
428 844 609 926 omniaquae
632 844 713 905 nobis
737 842 832 903 divina
858 842 1027 904 liberalitato
1049 864 1101 924 per
1123 836 1263 911 (ΣΙιιίιιιιΙΙ

159 930 264 992 donata
289 939 376 1001 sunt,
414 938 474 989 tum
500 926 575 1009 quod
600 930 675 1008 grati
702 927 836 988 debemus
864 946 900 988 ea
928 927 1065 1004 charitato
1087 927 1192 989 frames
1249 908 1263 945 ’ἦ

158 1016 246 1097 plecti
261 1034 318 1096 ‹poa
330 1011 461 1077 Christus
474 1033 526 1072 nos
540 1013 676 1092 suscepit,
700 1011 820 1082 curavit,
841 1030 875 1071 ae
895 1010 994 1070 beatos
1006 1009 1140 1071 reddidit.
1180 1010 1254 1079 Sed¹

160 1098 196 1173 de
221 1097 420 1169 Eucharistie,
449 1115 523 1157 anne
551 1096 680 1156 naturale
705 1092 813 1154 Christi
845 1114 949 1175 eorpus
983 1095 1012 1153 in
1041 1113 1076 1154 ea
1098 1093 1263 1171 edam-,fi

108 1176 342 1263 idmonendus
363 1180 453 1239 luslns
479 1179 601 1239 dicetur.
651 1178 778 1239 Summa.
830 1177 888 1238 Hic
915 1188 960 1239 est
979 1178 1128 1257 religionis
1156 1182 1263 1243 nostri

160 1266 235 1338 lons,
259 1275 295 1325 ut
305 1262 388 1323 deum
410 1282 596 1343 agnoscamus
610 1280 674 1323 esse
695 1262 744 1344 qui
757 1263 899 1322 increatus
912 1271 1025 1321 creator
1040 1282 1135 1321 rerum
1147 1260 1263 1335 conuiuia

160 1359 224 1410 est:
254 1345 330 1428 quod
357 1346 406 1406 illc
423 1366 496 1407 unus
520 1365 555 1407 ac
573 1347 651 1406 solus
672 1345 875 1418 omnialuabet,
899 1345 988 1424 gratis
1011 1344 1115 1419 donat3
1141 1342 1263 1430 quodpu'

46 1498 58 1507 ,
107 1445 110 1455 ·
161 1432 345 1513 primumhoe
361 1427 427 1490 lidei
441 1428 791 1490 laudamentumevertnnt
804 1429 964 1509 quicunque
974 1430 1263 1511 creaturaetridunp

162 1512 239 1596 quod
260 1514 350 1576 solius
377 1514 516 1574 creatoris
540 1523 596 1574 est.
639 1512 776 1574 Fatcmur
793 1511 868 1573 enim
889 1512 917 1571 in
936 1511 1082 1593 symbolo,
1107 1511 1263 1585 Creatori

159 1617 226 1660 csso
239 1617 295 1679 quo
312 1594 442 1670 fidamus,
464 1616 522 1657 uon
539 1616 610 1677 crgo
629 1607 761 1657 creatura
779 1614 842 1656 esse
858 1606 953 1676 potest
973 1615 1029 1677 quo
1051 1596 1192 1658 lidendum
1216 1606 1263 1661 ed

19 1706 22 1711 ·
77 1672 84 1689 '
110 1680 152 1745 21
244 1682 300 1743 ΙΙΙ.
323 1680 430 1741 lterum
452 1679 487 1740 de
508 1678 575 1741 Deo
589 1680 736 1741 sentimus.
782 1679 970 1759 Posteaquam
992 1678 1075 1739 deum
1098 1682 1205 1742 lontem
1229 1678 1263 1745 td

163 1774 225 1827 ru'm
254 1765 378 1825 omnium
406 1774 437 1824 ct
459 1775 617 1825 creatorem
643 1782 707 1825 csse
733 1764 855 1835 scimus,
894 1764 958 1823 lieri
983 1765 1098 1843 nequit,
1133 1776 1166 1825 ut
1195 1764 1263 1847 pule

163 1868 248 1931 quem
267 1858 317 1908 aut
338 1859 405 1908 ente
427 1847 505 1919 illum
529 1857 579 1907 aut
597 1867 661 1907 oum
689 1846 739 1906 illo
761 1866 824 1908 esse
845 1847 1036 1925 intelligamus
1057 1846 1132 1927 quod
1156 1868 1214 1909 non

53 1984 59 1997 .
164 1933 214 1992 illo
239 1933 288 1992 sit.
338 1930 415 1991 Nam
440 1930 466 1990 si
492 1931 641 2012 quiequam
670 1948 734 1991 esse
758 1940 855 2010 posset
880 1928 956 2009 quod
977 1951 1032 1989 non
1058 1943 1133 1991 esset
1152 1864 1263 2003 emila

67 2059 70 2065 -
163 2018 220 2077 inm
238 2016 288 2076 ille
304 2034 361 2075 non
380 2025 457 2075 esset
471 2014 615 2087 infinitus,
641 2014 790 2074 nonenim
813 2011 1016 2075 extenderetur
1036 2014 1129 2074 isthuc
1143 2016 1193 2075 nti
1207 2012 1263 2081 ill!¹

164 2096 243 2159 aliud
263 2109 358 2170 esset,
389 2117 453 2159 cum
474 2109 552 2159 esset
571 2109 653 2159 extra
674 2097 764 2159 illum.
809 2096 920 2172 Quibus
941 2098 992 2169 lit,
1015 2108 1049 2157 ut
1068 2117 1131 2157 eum
1173 2117 1191 2158 e

155 2183 253 2243 'lilium
266 2193 305 2242 ct
329 2182 458 2262 spiritum
478 2192 606 2242 sanetum
627 2179 772 2242 uideamus
799 2181 828 2240 in
853 2181 1001 2261 seripturis
1024 2180 1107 2241 deum
1126 2104 1263 2264 ἅψῃ

163 2277 197 2325 ut
216 2286 274 2326 non
294 2265 352 2325 sint
366 2276 416 2325 aut
428 2275 577 2326 creaturae
596 2275 648 2325 aut
661 2263 701 2325 dii
721 2262 837 2324 diversi.
882 2263 941 2324 Sed
961 2263 1036 2344 quod
1057 2265 1087 2324 lsi
1109 2276 1169 2326 tres
1192 2284 1263 2327 unu

165 2359 242 2422 suut,
258 2368 316 2408 nna
330 2350 465 2422 essentia,
482 2368 539 2409 una
553 2344 640 2411 odolo
651 2347 680 2409 id
695 2358 740 2409 cst
751 2348 913 2421 existentia,
931 2367 987 2409 una
1001 2350 1091 2409 virtus
1102 2350 1263 2430 etpotenlit

165 2450 222 2492 una
250 2432 370 2492 scientia
395 2443 426 2494 et
455 2430 651 2522 prouidentia,
680 2451 737 2492 nna
766 2431 878 2492 bonitas
903 2443 933 2493 et
965 2434 1135 2513 propensio,
1166 2432 1263 2495 nomi!

107 2490 226 2581 &siue
246 2534 385 2595 personae
404 2527 463 2575 tres
484 2515 534 2577 scd
556 2536 652 2577 omnes
667 2536 701 2576 ac
721 2515 825 2595 singuli
848 2513 918 2576 dous
938 2512 1012 2574 idom
1035 2526 1065 2575 et
1085 2536 1168 2576 unos.
1193 2516 1263 2579 llum

164 2597 249 2669 deum
272 2599 376 2659 seimus
396 2610 497 2660 natura
519 2600 623 2659 bonum
646 2619 728 2661 esse:
759 2598 893 2680 quicquid
917 2600 990 2659 onim
1013 2611 1075 2672 est,
1100 2611 1201 2661 nature
1222 2608 1263 2661 ed

166 2682 279 2742 Bonum
292 2693 386 2742 autem
401 2692 456 2755 etl,
479 2681 554 2766 quod
577 2684 643 2744 mite
666 2695 695 2744 ct
714 2684 816 2742 iustum
839 2693 893 2742 cst.
937 2681 1185 2743 Mansuetudinem
1204 2684 1263 2745 enit

167 2767 276 2826 iustitia
302 2785 392 2842 exue,
423 2767 478 2826 iam
505 2769 637 2828 nouerit
659 2763 861 2838 mansuetudo,
892 2764 942 2825 sed
963 2778 1012 2825 aut
1037 2768 1212 2845 negligentia
1231 2768 1263 2828 au

163 2860 271 2909 metus.
315 2849 424 2910 Contra
440 2870 509 2912 vero
532 2852 666 2913 iustitiam
682 2853 707 2912 si
730 2871 786 2909 non
806 2850 931 2909 bonitate
957 2851 1016 2909 sive
1043 2853 1185 2929 aequitate
1211 2862 1263 2931 teg

116 2938 304 3015 mercen),
334 2934 388 2992 iarn
418 2954 527 2996 summe
550 2935 600 2995 let
629 2935 733 2994 iniuria
755 2943 785 2991 et
804 2933 949 2991 violentia.
993 2932 1086 2991 Deum
1122 2954 1193 3012 ergo
1217 2934 1263 2997 cul

89 3076 100 3099 ἱ
167 3027 270 3076 natura
297 3015 402 3075 bonum
431 3036 494 3078 esse
522 3018 720 3096 agnoscimus,
745 3014 843 3075 endem
874 3035 962 3093 opera
990 3035 1104 3074 suavem
1134 3021 1263 3081 mitemt

167 3098 332 3170 liberalem,
364 3109 449 3178 atque
474 3111 603 3159 sanctum
624 3100 727 3158 iustum
748 3108 778 3157 et
801 3098 989 3156 inviolabilem
1012 3099 1143 3159 latemur.
1188 3102 1263 3163 lustu

167 3199 238 3261 ergo
261 3181 401 3252 comsit,
429 3182 485 3240 iam
506 3182 646 3242 scelerum
669 3180 882 3239 contubernium
914 3180 1066 3241 abhorreat
1087 3203 1204 3244 necesso
1225 3194 1263 3247 est

166 3262 215 3325 Ex
238 3284 298 3343 quo
318 3263 473 3342 colligitur,
499 3274 548 3336 ul,
572 3283 636 3325 cum
658 3264 754 3323 miseri
774 3264 908 3323 mortales
924 3284 979 3324 non
1004 3266 1057 3325 iem
1078 3269 1209 3328 scelerati
1232 3288 1263 3333 se

167 3346 356 3408 conscelerati
386 3348 489 3420 simus,
527 3346 562 3408 de
600 3347 677 3407 illius
713 3348 845 3406 convictu
874 3358 904 3407 et
938 3350 1096 3426 amicitiat)
1130 3349 1263 3432 desperat

169 3450 316 3511 cogamur.
359 3429 472 3490 Rursus
486 3441 580 3492 autem
592 3430 684 3490 bonus
703 3432 836 3504 sumsit,
859 3432 913 3491 inm
928 3452 1018 3512 aeque
1033 3455 1151 3495 necesse
1165 3448 1228 3510 est,
1250 3456 1263 3497 u

117 3512 260 3595 24aequo
281 3525 312 3573 et
331 3512 407 3574 bono
428 3515 576 3574 eonsilium
593 3514 754 3595 factumque
776 3534 858 3575 omne
876 3526 1023 3596 temperet.
1068 3519 1125 3578 llic
1146 3519 1210 3579 loos
1226 3530 1263 3581 est

168 3618 222 3659 rur
244 3598 332 3659 lilium
356 3616 437 3659 suum
468 3598 643 3677 unigenitum
672 3616 759 3657 carne
787 3600 962 3671 amicirerit,
995 3613 1026 3660 ut
1047 3603 1118 3663 haec
1145 3600 1201 3661 duo
1231 3616 1263 3663 to'

169 3681 232 3742 orbi
254 3701 310 3741 non
338 3679 422 3743 modo
449 3680 631 3754 ostenderet,
659 3679 816 3748 sedetiam
839 3684 1030 3763 impenderet,
1061 3683 1263 3765 redemptionor

168 3776 200 3827 ct
224 3765 448 3825 renovationem.
499 3764 572 3827 Cum
601 3765 676 3826 enim
703 3766 765 3825 eius
787 3765 915 3837 bonitas,
950 3768 1004 3827 hoo
1034 3779 1095 3841 est,
1126 3770 1263 3831 instillat

169 3840 384 3921 misericordiad,
408 3860 607 3922 sacrosancte,
630 3848 770 3921 horest,
794 3850 931 3910 firmasit
953 3851 1203 3925 etimmutabilis,
1228 3855 1263 3913 iar

170 3933 279 3993 iustitia
298 3932 463 4014 requirebat
486 3933 694 4015 expiationem,
716 3933 912 3994 misericordia
932 3937 1053 4009 reniam,
1077 3937 1161 3996 venia
1183 3958 1263 3997 novar

236 4137 264 4203 s)
279 4142 340 4193 MS.
356 4142 448 4192 ¹l'urie.
464 4155 553 4208 perere
587 4157 617 4193 re
631 4154 717 4207 apere·
730 4168 763 4180 -
779 4142 802 4208 t)
818 4141 972 4204 Adseripsit
984 4141 1142 4194 Bibliander
1157 4145 1185 4195 in
1203 4161 1263 4208 mss-1

169 4206 232 4258 ll!-
246 4209 352 4260 'l'rrioa
367 4209 461 4261 Dum
476 4206 517 4259 lit
534 4157 655 4274 whom
670 4206 777 4263 eaeor.
789 4236 824 4256 u·
842 4209 872 4276 ι)
889 4211 958 4275 Opp·
975 4213 1111 4277 temperat.
1127 4239 1160 4252 -
1183 4212 1214 4279 v)
1230 4216 1263 4264 111

171 4275 263 4327 Turio.
280 4276 395 4333 amicitie
416 4283 441 4329 ιι
458 4277 571 4330 mamm
587 4278 637 4328 hoc
653 4279 729 4328 ord,
