2648 4928
426 328 482 417 Do
503 323 620 401 Coena
643 329 797 400 Domini·
1100 325 1176 406 att

99 505 248 577 ‚alstemum
271 503 345 585 qnod
371 507 453 587 panis
483 509 513 568 ia
539 506 640 568 Coena
668 508 717 568 illa
743 510 780 569 sit
806 525 903 569 verum
935 505 1047 591 Corpus
1069 506 1178 573 Christi

99 591 184 649 omini
206 592 357 668 pronubis
388 590 518 653 traditum
547 603 576 651 et
599 590 758 672 proditum,
786 603 816 653 ot
842 594 935 653 vinum
964 595 992 652 in
1025 592 1114 654 calice
1141 597 1180 655 sit

99 693 153 733 :rus
187 677 303 751 sanguis
326 674 449 733 Domini
473 677 564 735 nostri
592 675 657 735 lesa
683 674 793 736 Christi
823 696 876 756 pro
907 676 989 740 nobis
1016 677 1122 738 ellurus
1149 681 1179 739 in

99 757 263 816 missionem
286 752 483 838 peccatorum,
518 769 548 818 et
568 759 773 839 accipientibus
790 760 971 840 porrigatur,
1002 772 1034 821 nt
1053 754 1180 823 'mandu-

99 840 166 901 intes
186 842 301 918 corpus,
325 854 354 901 et
376 842 504 902 bibentes
525 844 690 921 sauguinem
711 842 820 903 Christi
841 843 970 915 Domini,
999 843 1058 904 hoe·
1073 844 1181 907 luriunt

127 928 423 984 commemorationem
452 936 482 987 et
502 928 747 987 annunciationem
772 925 872 987 mortis
889 928 977 1008 ipsius
1004 929 1177 1002 innocentis,

99 1026 160 1068 suec
185 1008 298 1067 veniat.-
333 1007 563 1088 quemadmodum
600 1011 660 1089 ipse
692 1009 825 1071 Christus
852 1010 991 1071 Dominus
1027 1012 1181 1074 in'ultimu

99 1111 115 1151 a
137 1108 227 1151 coena
247 1103 277 1151 ct
292 1091 476 1152 Testamento
498 1112 549 1152 sne
574 1095 696 1173 propriis
718 1095 813 1153 verbis
834 1088 874 1154 ita
895 1095 1016 1154 instituit
1042 1106 1072 1156 et
1092 1090 1181 1157 testu·

99 1193 113 1234 s
134 1185 191 1247 est,
215 1185 246 1233 ut
266 1178 356 1235 sancti
373 1176 572 1255 Evangelistne
594 1188 623 1235 et
642 1177 679 1235 D.
700 1176 808 1237 Paulus
828 1177 983 1259 Apostolus
1011 1178 1065 1239 boo
1083 1180 1180 1259 ipsum

99 1259 221 1319 aniiuste
241 1257 355 1331 docent,
379 1260 505 1320 scribunt
523 1272 553 1320 et
574 1261 754 1323 confitentur.

150 1340 246 1421 Atque
277 1343 331 1402 hoc
368 1344 529 1403 venerabile
558 1332 772 1404 Sarbamentum
806 1346 964 1405 institutum
996 1355 1058 1418 cst,
1087 1346 1180 1427 primo

99 1425 300 1485 {excitandam
323 1438 353 1486 et
385 1425 604 1488 confirmandam
635 1426 717 1488 iidem
739 1438 873 1508 ,nostram
901 1426 937 1489 de
964 1428 1181 1509 participatione

99 1510 177 1569 bristi
198 1508 314 1569 Domini
337 1520 367 1569 et
386 1515 509 1571 omnium
532 1511 733 1571 beneficiorum
760 1513 839 1585 eius,
864 1522 897 1571 ut
928 1513 1181 1595 sumentes'spiri-

99 1594 184 1653 aliter
209 1604 238 1653 ct
263 1593 506 1666 substantialiter,
539 1593 594 1654 lide
613 1607 707 1675 ‘atque
736 1597 821 1655 ctiam
848 1613 919 1668 ore,
942 1596 970 1655 in
995 1592 1181 1656 Sacramento

100 1696 172 1756 rpus
196 1687 227 1757 et
247 1680 412 1756 sangninem
434 1678 551 1737 Domini
572 1680 662 1739 nostri
683 1679 748 1738 lesu
771 1677 911 1759 Christi,
929 1678 1046 1738 minimo
1069 1676 1183 1741 dubite-

99 1778 142 1832 as,
164 1757 217 1820 sed
236 1761 356 1821 firmiter
378 1760 537 1835 credamus,
561 1761 723 1843 quadrare
747 1763 850 1836 simus,
872 1760 904 1823 'et
925 1780 978 1842 per
995 1762 1078 1823 talem
1099 1783 1183 1824 nsum

99 1862 184 1904 tenue
212 1841 328 1903 Domini
366 1847 456 1924 magis
483 1865 517 1905 ae
547 1846 636 1924 magis
663 1844 815 1909 reddamur
839 1847 903 1907 viva
930 1844 1039 1905 Christi
1066 1846 1184 1909 Domini

99 1926 205 1999 ambra,
227 1928 275 2006 qui
295 1948 347 1989 nos
367 1930 482 2009 corpori
504 1949 556 1989 sno
584 1939 684 1989 saneto
705 1931 744 1989 ita
764 1930 929 2003 coniunxit,
951 1938 983 1988 ut
1003 1929 1184 2011 quemadmo-

99 2028 134 2069 rm
158 2010 265 2091 palmes
290 2032 326 2071 cx
355 2013 412 2071 vite
440 2032 508 2086 sua,
546 2013 585 2070 ita
614 2023 644 2071 et
670 2032 722 2072 nos
751 2014 879 2073 membra
904 2014 966 2072 eius
996 2032 1033 2072 ex
1060 2032 1182 2095 corpore

99 2093 159 2154 sius
180 2106 290 2166 sancte,
313 2105 442 2171 tanquam
466 2114 503 2153 ex
524 2096 606 2152 unico
628 2105 659 2154 et
676 2114 746 2156 vero
762 2096 827 2155 cibo
844 2105 953 2165 nostro,
977 2112 1183 2174 consequamur

117 2180 295 2257 aequiramus
323 2196 418 2237 reram
448 2177 624 2235 saterritatem
657 2177 812 2237 animarum
843 2188 983 2251 neruum,
1007 2178 1099 2239 vivam
1120 2178 1184 2238 illn-

99 2260 268 2334 lnationem,
299 2262 455 2330 laetitiam,
477 2258 717 2332 consolationem,
751 2270 781 2320 et
805 2261 898 2318 omnia
924 2258 1083 2333 beneficia,
1109 2280 1183 2341 quac

99 2340 200 2405 hristus
224 2342 362 2404 Dominus
388 2344 470 2403 nobis
498 2351 589 2401 morte
609 2361 677 2414 sua,
698 2351 728 2402 et
747 2352 807 2403 tota
828 2342 990 2403 obedientie
1012 2345 1181 2421 promereri,

117 2420 266 2488 insancto
289 2449 340 2489 sno
361 2426 519 2506 Evangelio
539 2427 631 2484 cuivis
656 2426 811 2505 poenitenti
832 2444 991 2507 proponere
1016 2434 1046 2485 ot
1066 2428 1184 2506 promit·

99 2510 284 2591 ndignatus
312 2524 375 2585 est,
406 2528 508 2589 nempe
530 2509 724 2569 remissionem
748 2518 948 2589 pcccatorum,
972 2510 1184 2570 reconciliatio-

99 2607 131 2651 tm
155 2615 218 2654 eum
240 2595 322 2668 Deo,
347 2595 591 2665 iustificationetn,
620 2594 901 2654 communicationem
929 2592 1052 2674 Spiritus
1077 2596 1181 2669 aneu,

111 2674 326 2740 haereditatem
346 2680 421 2739 vitae
444 2688 590 2736 aeternae.

151 2760 283 2833 Deinde,
313 2762 381 2822 ideo
409 2762 493 2821 etiam
519 2759 733 2819 Sacramentum
759 2778 867 2820 coenae
888 2758 1004 2819 Domini
1026 2761 1184 2823 institutum

99 2880 109 2906 s
147 2856 179 2905 ut
199 2847 227 2902 in
248 2845 359 2923 publico
380 2856 463 2904 coetu
482 2843 633 2903 Ecclesiae
655 2862 691 2903 ex
711 2844 767 2901 imo
789 2842 876 2903 corde
898 2842 963 2902 Deo
981 2862 1032 2923 pro
1054 2845 1183 2905 omnibus

99 2923 173 2986 inis
204 2928 285 2985 nobis
315 2929 341 2985 in
371 2925 488 2986 Christo
517 2928 661 3005 praestitis
685 2928 834 2987 beneficiis
863 2928 969 3004 gratias
996 2944 1130 3004 agamus,
1153 2938 1183 2987 et

99 3014 228 3091 'pliona
251 3011 427 3069 Sacramenti
450 3012 578 3088 corporis
604 3021 635 3070 et
660 3011 806 3088 sanguinis
826 3010 961 3084 Domini,
984 3029 1052 3068 rere
1075 3012 1183 3070 excite-

99 3108 117 3126 ·
155 3106 185 3155 ct
205 3095 441 3166 corroboremur,
471 3093 506 3154 ad
537 3096 777 3173 perseverantiam
798 3094 828 3152 in
850 3111 970 3170 corpore
991 3090 1100 3151 Christi
1121 3093 1183 3152 Do·
1261 3121 1263 3125 ⁷

107 3176 156 3238 ir
180 3179 225 3237 cui
246 3198 309 3237 eum
331 3179 359 3236 in
383 3179 466 3237 linem
486 3177 689 3249 condonamur,
711 3188 741 3236 et
761 3178 789 3234 in
811 3177 873 3256 ipso
896 3176 1060 3235 ruultivariis
1081 3180 1183 3256 pec‘ea-

99 3274 155 3322 et
175 3263 269 3342 pruris
290 3261 489 3340 cupiditatibus
510 3262 614 3321 nostris
635 3261 801 3333 morientes,
825 3257 911 3319 etad
932 3260 1065 3319 iustitiam
1088 3280 1181 3321 resur·

102 3349 185 3418 tes,
208 3349 333 3405 vivamus
349 3345 457 3405 Deoia
472 3345 546 3404 omni
569 3347 673 3425 pietate
686 3355 715 3405 et
736 3345 896 3417 sanctitate,
922 3340 1072 3402 secundum
1090 3345 1185 3405 omnia

99 3440 225 3508 eceptn
245 3428 314 3500 Dei,
339 3441 368 3488 et
389 3449 441 3508 per
461 3440 583 3488 mutuam
607 3440 692 3509 atqua
723 3427 867 3488 ardentem
890 3425 1064 3487 Charitatem
1086 3446 1185 3488 serve·

99 3521 121 3561 Ι
154 3514 289 3571 unitatem
308 3514 436 3592 corporis
454 3511 576 3584 Christi,
599 3512 672 3593 quod
693 3522 739 3572 est
766 3510 919 3572 Ecclesiae
950 3510 1087 3584 scientes,
1109 3508 1185 3593 quod

99 3606 185 3668 les,
207 3598 253 3675 qui
276 3597 305 3654 in
329 3597 485 3656 venerabili
507 3596 561 3656 hoe
575 3607 754 3657 sacramento
769 3615 807 3656 ex
828 3615 883 3655 nuo
905 3612 978 3674 pane
998 3592 1183 3667 comedimus,

99 3690 158 3741 ttn
178 3699 280 3759 cerpus
310 3679 448 3740 efficimur
475 3679 718 3760 (quemadmodum
742 3680 915 3741 lCor.10.
937 3675 979 3736 DL
1003 3676 1109 3738 Paulus
1130 3680 1185 3752 ait)

115 3774 228 3823 mutuo
256 3783 308 3822 nos
335 3774 465 3843 tauquam
489 3766 647 3823 communia
674 3764 799 3823 membra
828 3765 911 3822 unius
932 3759 1041 3821 Christi
1068 3758 1186 3821 Domini

99 3849 212 3906 *itate
243 3866 365 3926 syncera
393 3860 422 3907 et
448 3849 577 3908 lerrente
606 3846 775 3925 diligamus,
803 3857 883 3907 certo
912 3854 1088 3916 statuentes,
1109 3841 1186 3925 qnod
1249 3862 1253 3873 ·

99 3945 192 3990 'rans
214 3951 268 3988 non
297 3932 435 4008 possimus
466 3931 550 3989 ullum
584 3950 620 3989 cx
642 3929 778 4009 proximis
808 3930 913 3989 uostris
935 3936 1116 3985 contemnere
1137 3926 1185 3987 vel

99 4015 234 4084 ³ndere,
258 4015 324 4092 quin
345 4015 491 4072 confestim
515 4015 542 4072 in
563 4015 612 4072 illo
632 4025 843 4072 contemnamus
860 4025 889 4071 et
905 4007 1076 4071 offendamus
1098 4008 1185 4070 Chri-

102 4109 147 4157 ¹11
173 4095 342 4156 Dominum:
373 4106 404 4155 et
430 4096 505 4174 quod
531 4097 615 4157 etiam
638 4094 782 4155 Christum
814 4094 964 4155 Dominum
989 4090 1111 4168 difigere
1134 4112 1186 4152 ue·

99 4189 223 4251 ³amus,
246 4180 301 4240 nisi
324 4200 388 4240 errm
417 4177 565 4258 diligamus
593 4183 621 4240 in
643 4180 778 4259 proximis
799 4180 917 4248 nostris,
938 4177 1013 4235 sicut
1032 4173 1102 4236 dicit
1122 4174 1184 4236 Do·

99 4275 186 4359 'fusa
208 4263 341 4344 quiequid
360 4263 470 4325 lecistis
496 4265 545 4325 uui
573 4284 610 4327 er
635 4263 681 4325 his
704 4262 839 4326 natabus
863 4258 1184 4335 manumissionum

99 4349 197 4412 astu.
