2648 4928
236 346 239 351 .
374 300 568 370 omerus
593 301 879 373 reomaens=
1021 264 1157 383 'ote
1229 286 1291 391 ,’

102 484 210 549 mctos,
232 488 265 537 ot
284 477 515 551 intercessores,
547 478 594 538 val
615 479 702 538 ctiam
724 479 934 559 opitulatores,
961 479 1155 567 bonorumque

99 578 169 621 eres
192 559 341 641 dirigitur:
364 562 484 622 Psalmis
506 563 592 623 etiam
610 572 660 623 aut
676 562 810 645 Hylaeis,
837 565 886 645 qni
904 565 961 627 seli
978 562 1045 628 Deo
1066 566 1153 631 dicati

99 684 115 715 ‚
140 640 179 703 ati
200 644 265 705 ilios
285 645 513 706 accommodatis.
601 700 604 705 .
976 712 979 717 ,

109 730 158 797 A·
185 726 274 809 ¹(lum
296 729 341 787 vel
361 727 443 789 Deus
463 728 526 809 ipse
548 728 699 791 invisibilis
719 739 750 791 et
778 729 1085 812 incomprebensibilia,
1107 736 1153 797 tel
1249 746 1253 755 '

99 806 190 885 intus,
213 811 259 871 vel
281 809 380 871 Sancti
399 811 540 883 defuncti,
563 812 591 871 in
618 812 791 893 imaginibus
812 815 940 896 sculptis,
962 816 1057 890 ἰωὴ,-
1068 809 1153 895 pictis

99 900 192 955 mturr
215 896 272 953 imo
295 905 325 953 et
345 894 424 974 ipsae
444 893 599 974 imagines,
622 916 678 956 nnn
701 897 790 956 selom
816 916 870 976 per
892 896 1027 958 accidens
1047 909 1079 959 nt
1098 901 1151 961 im·
1271 942 1275 949 -

99 976 177 1050 ute,
204 977 250 1037 uel
278 988 310 1045 nl
335 980 424 1039 uicem
452 989 557 1058 gerunt
582 976 676 1040 Euam
695 979 783 1053 aas,
811 979 864 1051 sed
891 981 977 1041 etia·
995 1000 1050 1061 par
1069 1000 1102 1043 ee
1121 995 1150 1044 et

99 1058 170 1135 trie,
191 1058 341 1139 Religioso
361 1060 449 1121 Culttl
466 1061 652 1141 venerandae·
721 1072 816 1126 entur.

123 1146 158 1207 b.
199 1140 272 1205 Cum
295 1144 443 1224 Reliquiae
467 1144 653 1220 Sanctorum,
685 1146 747 1207 sive
773 1164 881 1221 verae,
912 1148 975 1209 siue
995 1144 1098 1209 dubiae
1118 1161 1150 1211 et

99 1235 205 1299 oeten,
225 1224 312 1303 Cultu
334 1226 454 1309 quodam
474 1229 624 1308 religinse,
644 1226 749 1302 fiducie
770 1231 854 1293 etiam
865 1228 959 1312 aliqua
978 1228 1010 1293 in
1031 1231 1068 1293 iis
1088 1232 1148 1295 col·
1264 1228 1268 1233 ’

99 1316 145 1383 tn,
169 1310 338 1375 afficiuntur·
552 1368 556 1375 .
652 1386 655 1391 Ι
745 1372 749 1379 ,
815 1358 824 1373 ,
1164 1378 1170 1397 ,

120 1398 154 1457 d.
196 1390 270 1479 Cum
290 1394 405 1459 Sanctis
425 1394 515 1459 Festa
541 1394 694 1471 dieantur,
719 1394 842 1478 Templa
863 1394 1047 1471 dedicantur,
1068 1396 1148 1465 ¹Vota

99 1480 255 1557 enpantnr,
276 1474 499 1555 confessiones,
523 1481 571 1561 uel
589 1480 751 1561 iummenta·
769 1482 801 1541 iu
822 1499 922 1543 eninm
943 1482 1058 1545 mutua
1078 1500 1147 1545 eoa·

99 1569 194 1622 netur.
1060 1612 1063 1617 .

118 1648 153 1709 7.
194 1642 268 1705 Cum
296 1643 398 1719 Orqtio
427 1643 580 1723 Dominis·
612 1654 644 1709 et
672 1646 813 1710 Sulntelio
839 1644 1002 1729 Angeliee,
1035 1646 1145 1709 unave

99 1740 160 1788 a·
180 1726 337 1800 termulae,
360 1727 408 1789 rel
427 1727 494 1790 Dee
513 1730 590 1809 ipsi,
618 1730 666 1793 uel
685 1730 892 1794 menemus
911 1730 1048 1809 Wrgini,
1068 1730 1147 1791 aliis·

107 1808 249 1885 Sanctis,
277 1809 313 1871 ad
337 1823 445 1873 certum
467 1833 613 1875 numerum
634 1816 825 1896 reiterentur,
839 1833 906 1877 enm
920 1812 1059 1897 ,apinam
1077 1810 1146 1875 tle-

120 1892 172 1954 'ant
192 1893 403 1957 satisfactionis
422 1915 475 1977 pro
497 1898 636 1977 peccatis.
1220 1892 1226 1903 ’

118 1982 152 2039 ο.
194 1975 268 2037 cnm
290 1978 365 2039 Vota
384 1978 560 2051 Menastiea,
583 1981 747 2064 een'0pere
760 1980 916 2047 Meritoria
935 1988 966 2042 et
984 1976 1144 2061 Superera-

99 2058 162 2135 ἡ,
180 2059 277 2121 Cultni
298 2061 403 2122 Divino
422 2074 621 2141 accensentur.
645 2101 653 2135 ·¹
670 2106 674 2113 -
840 2072 847 2084 '
1079 2134 1082 2141 Ι

118 2148 152 2207 0.
193 2140 267 2205 Cn·
287 2146 385 2207 Status
405 2157 437 2205 et
457 2144 624 2207 Coelibatue
638 2144 830 2219 Gloricmnm,
850 2147 925 2209 citra
943 2143 1067 2225 speciale
1078 2162 1147 2230 con·

99 2226 173 2289 mse
190 2226 329 2303 tenen,
346 2248 402 2288 non
422 2231 485 2288 sine
506 2230 735 2291 incontinentiae
753 2229 881 2309 periculo
893 2237 1065 2307 ,emptum
1087 2246 1145 2287 nnn

99 2327 146 2371 ι
162 2298 334 2385 laudabilis,
362 2312 409 2378 uel
430 2312 621 2387 excusabilis,
652 2311 709 2379 ,eet
726 2312 814 2377 etism
833 2310 934 2379 cultos
954 2306 1067 2391 qnidam
1087 2307 1145 2370 Dei

99 2390 202 2455 iterim
222 2402 367 2460 ansatur.
661 2460 664 2465 ,
721 2432 727 2447 ι
749 2454 756 2465 ,

119 2484 172 2542 to
213 2476 286 2538 Cum
305 2476 561 2557 Peregrinationes
591 2476 628 2542 ad
655 2477 721 2541 ioca
744 2476 869 2553 Sancta,
891 2474 1061 2559 prementium
1083 2470 1152 2535 Am.

128 2580 201 2644 quoe
221 2571 341 2633 vocent,
364 2561 517 2636 lubilaeis,
550 2583 586 2623 ex
613 2563 801 2644 persuasione
826 2560 979 2643 singularis
999 2554 1144 2619 cuiusdam

99 2738 165 2789 ubl?-

118 2820 172 2874 lt.
215 2810 288 2873 Cum
307 2810 467 2874 Creaturae
490 2810 567 2887 Dei,
588 2811 690 2894 Aque,
704 2810 786 2887 ¹Sal,
809 2811 931 2887 menn,
953 2808 1060 2881 earet,
1081 2818 1140 2869 ete·

112 2904 222 2956 hetam
245 2894 281 2956 ad
304 2916 373 2956 usus
396 2898 538 2957 naturales
568 2916 586 2957 a
609 2896 675 2959 Deo
701 2894 846 2957 ordinatos
870 2903 1059 2977 usurpentur,
1081 2888 1145 2981 ‚sed

99 2996 123 3039 m
145 2977 183 3039 ed
205 2998 273 3039 usus
294 2980 473 3060 spirituales,
503 2981 550 3041 vel
575 2979 833 3060 praeternaturales
861 2978 903 3041 ita
928 2983 1142 3046 enumerantur,

99 3058 188 3122 Ηοω
209 3062 310 3124 Virtus
332 3061 468 3142 quaedam
479 3062 516 3122 ad
537 3062 661 3123 arcenda
679 3060 858 3124 llaemnnom
877 3058 1027 3132 maleficis,
1048 3055 1094 3119 ucl
1108 3055 1145 3116 ad

99 3154 156 3207 ten
177 3147 297 3207 Animae
320 3158 350 3205 et
370 3146 520 3226 Corporis,
537 3146 694 3229 tribuatur.

120 3239 173 3293 12.
216 3229 348 3310 Denique·
369 3250 433 3290 cum
454 3231 587 3301 ieiunia,
607 3231 737 3312 inprimis
754 3226 1018 3308 deregesimee,
1040 3240 1093 3305 per
1112 3241 1145 3284 ae

99 3324 205 3391 »prata
225 3333 260 3373 ae
280 3314 443 3385 meritoria,
475 3315 520 3374 ael
547 3315 633 3374 etiam
658 3314 850 3389 satielueteria
879 3330 946 3372 esse
970 3317 1143 3372 censentur:

99 3395 201 3474 quidem
220 3417 275 3456 nou
296 3407 402 3456 tantum
425 3416 493 3456 vera
514 3397 635 3469 ieiunia,
657 3394 910 3477 qualiaPrimitiva
928 3392 1072 3470 Ecclesia,
1091 3409 1147 3453 cen

99 3498 118 3539 a
138 3481 331 3560 poenitentiae
351 3481 509 3554 exereitia,
530 3482 633 3540 usitata
654 3483 786 3555 luerunt,
818 3477 870 3539 sed
888 3486 962 3558 qnae
980 3478 1012 3538 in
1034 3473 1147 3536 delecte

99 3580 146 3634 ns,
166 3583 249 3644 qnam
271 3563 384 3623 deiectu
403 3563 530 3624 ciborum
551 3566 720 3638 consistunt,
743 3574 773 3625 et
792 3583 810 3624 a
829 3563 924 3623 multis
943 3580 996 3642 per
1011 3557 1146 3640 cupediae

99 3646 165 3715 eius,
187 3666 268 3726 quam
291 3666 343 3725 per
363 3645 484 3706 inediam
505 3648 709 3727 transiguntur.

123 3736 174 3791 ta.
219 3730 311 3789 Hisce
334 3740 363 3788 et
383 3730 539 3807 similibus,
567 3750 641 3809 qnae
667 3747 804 3790 cremare
825 3729 939 3807 longum
959 3728 1016 3799 eit,
1039 3745 1058 3786 a
1078 3743 1147 3789 lero

99 3820 124 3871 ln
146 3813 275 3883 remotis,
298 3814 416 3872 retineri
438 3811 474 3873 de
503 3812 612 3891 reliquo
638 3813 668 3872 in
688 3808 822 3872 Ecclesia
852 3829 938 3890 posse
966 3808 1145 3878 arbitramur,

113 3913 180 3955 enm
199 3896 327 3974 periculo
347 3896 523 3956 (iliensinuis
543 3908 650 3956 temere
671 3892 864 3973 abrogandam
883 3911 1046 3963 censemus,
1067 3894 1147 3969 quic-

99 3976 107 4039 Ι
130 3980 160 4038 in
191 3979 309 4051 ritibus,
339 3978 582 4058 caerimoniisque
610 3998 647 4038 ex
668 3979 783 4056 antiquo
807 3987 857 4036 aut
876 3973 1008 4041 diuturno
1027 3988 1147 4033 usu-re-

99 4064 140 4140 tis,
162 4063 220 4122 tale
236 4082 308 4123 esse
328 4060 567 4141 deprehenditur,
589 4072 621 4121 nt
639 4080 694 4121 nee
714 4059 773 4121 Dei
792 4060 894 4123 Verbo
915 4067 1070 4139 repugnet,
1093 4073 1147 4114 nee

99 4164 152 4207 ene
179 4145 320 4226 probabili
348 4145 530 4218 destituatur,
570 4162 623 4204 nec
654 4143 776 4224 denique
802 4155 907 4205 eventu
935 4144 997 4222 ipso
1021 4140 1083 4220 plns
1111 4137 1147 4198 ad

99 4231 253 4311 reptionem
275 4229 569 4309 depravationcmqne‚
589 4246 669 4307 qnam
691 4227 728 4289 ad
750 4228 907 4307 proiectum
928 4236 958 4286 et
977 4222 1149 4287 aedificatio·

99 4334 106 4376 ι
127 4313 365 4377 Ecclesiemieam
387 4314 483 4374 lacere
504 4309 728 4374 animadverso·
751 4312 847 4373 inerit.

99 2642 149 2705 iae
181 2642 306 2709 Divinae
335 2654 366 2705 et
394 2647 572 2708 remissionis
604 2656 787 2733 peeeemrum
819 2638 1031 2747 impetrandae,
1061 2641 1161 2737 inari.v
1273 2652 1281 2667 ,
