2648 4928
367 294 422 364 lle
447 313 592 387 persona
617 295 754 368 christi.
928 302 933 308 ’
1055 299 1130 377 635

99 491 112 571 q
140 474 391 616 prlqpieiatoripm,
428 470 460 616 eq
489 470 610 574 torpor·
633 475 863 579 sufficicosprq
888 482 1015 578 peccatis
1040 450 1129 546 totius

99 577 131 699 l.
152 557 701 715 vaillll0,ltillallllllt'j'
709 566 1064 727 ’allttltllllltlss
1084 579 1132 711 il

99 732 173 796 test,
195 743 251 803 qua
272 722 374 783 mundo
396 726 454 784 uita
475 725 655 785 restituitur-a
679 727 754 787 sicut
768 747 805 787 cx
826 729 912 788 solius
932 729 999 790 lesu
1021 723 1144 794 Christi·

99 804 198 866 tudine·
213 819 243 868 et
265 809 379 879 merito,
402 817 534 887 unquam
556 828 592 869 ex
612 810 688 870 vitae
715 821 746 870 et
771 811 869 870 salutis
896 816 1015 892 perenni
1038 815 1128 891 tonte,
1224 871 1229 881 .

99 888 388 951 praeostensione
411 894 529 971 gratiam
547 893 726 953 coniunctant
746 912 810 971 curn
828 892 902 954 dono
921 915 975 976 pcc
995 898 1128 976 gratiam.
1229 962 1234 967 ,

103 971 223 1035 Accedit
242 974 311 1047 hnc,
332 973 407 1054 quod
433 976 462 1035 in
492 964 545 1035 lua'c
566 976 628 1055 ipsa
650 987 749 1036 natura
767 976 901 1039 Christus
921 999 940 1039 a
959 992 1048 1041 morte
1068 1001 1132 1044 aas·

99 1071 122 1115 tt
140 1057 171 1116 in
193 1076 283 1139 aeque
310 1059 347 1117 ed
370 1056 499 1118 dextram
520 1059 617 1120 Patrio
642 1059 816 1135 collocatas,
845 1071 876 1122 et
902 1060 938 1122 ad
962 1075 1131 1144 regnasset
1235 1109 1238 1116 -

99 1133 224 1214 tlotion,
247 1151 384 1221 perpetuo
406 1143 545 1203 exaltatos
566 1153 631 1214 est,
654 1144 745 1203 iactos
767 1155 853 1225 capnt
872 1143 1024 1207 Ecclesiae
1044 1167 1128 1221 suae,
1179 1156 1181 1161 “

99 1223 218 1284 triciens
239 1226 333 1285 omnia
353 1225 381 1284 in
405 1226 553 1286 omnibns:
578 1225 621 1286 lta
642 1236 673 1285 nt
686 1227 761 1287 solus
774 1228 803 1287 in
824 1247 958 1288 arcanum
977 1232 1131 1294 consilium

99 1303 273 1389 lt„adeoqoe
294 1309 324 1368 iu
346 1320 444 1369 sancta
474 1321 633 1370 sanctorum
664 1321 801 1391 perpetuo
823 1310 1013 1392 ingrediatur,
1032 1313 1131 1377 videet

99 1390 208 1470 telligat
227 1392 398 1480 qolnntatcm
420 1392 537 1466 Patris,
572 1394 687 1473 colligat
713 1393 780 1465 siti„
798 1414 836 1456 ex
865 1413 974 1475 genere
1006 1396 1129 1459 humano

99 1475 197 1548 teiam
223 1486 320 1536 servet
345 1477 532 1537 ministerium
560 1475 733 1557 Evangelii,
763 1477 922 1539 intercedet
951 1499 1003 1559 pro
1030 1481 1126 1554 nobie,

101 1553 165 1619 leret
185 1578 220 1620 ac
241 1570 320 1638 tegat
334 1563 482 1632 nos,7suae
499 1563 652 1642 passionis,
675 1563 786 1634 mortis,
808 1561 954 1624 effusionis
969 1566 1127 1642 sanguinis,

99 1639 152 1704 tiae
173 1641 365 1716 obedientiae,
389 1646 509 1718 merito,
533 1646 657 1705 remittat
683 1656 819 1725 peccata,
848 1643 972 1705 effundat
991 1645 1129 1727 Spiritum

99 1741 163 1799 tun,
187 1728 317 1787 restituat
338 1728 491 1801 iustitiam,
515 1729 618 1802 vitam,
637 1747 672 1788 aa
694 1729 827 1789 laetitiam
850 1729 1077 1808 acquiescentem
1099 1732 1129 1791 iu

119 1806 250 1894 ssanqe
271 1822 368 1872 servet
387 1813 486 1872 eontra
508 1823 604 1891 portas
624 1812 793 1885 iniecerunt,
816 1822 846 1873 et
864 1823 963 1873 contra
976 1814 1130 1894 Tyranno·

108 1910 145 1954 ae
168 1893 375 1955 haereticorum
397 1897 550 1975 potentiam
583 1905 613 1956 et
634 1896 764 1956 luroresa
795 1891 917 1977 denique
947 1905 977 1956 ct
1002 1906 1129 1957 mortuos

99 1992 128 2037 ι
148 1980 316 2050 resuscitet,
340 1990 368 2039 ct
381 1978 491 2039 Electis
511 1981 611 2051 vitans,
632 1990 716 2059 atque
730 1979 865 2040 laetitiam
887 1989 1032 2041 aeternam
1047 1975 1130 2042 cons-

99 2069 153 2135 nt,
173 2072 354 2141 posteaquam
377 2082 428 2122 eos
450 2064 479 2122 in
503 2062 612 2123 coelura
634 2061 671 2123 ad
689 2081 755 2123 sese
779 2063 965 2126 transtulerit.

99 2137 219 2206 Praeter
240 2146 328 2206 hosce
350 2145 456 2225 grados
477 2145 647 2217 maiestatis,
669 2146 846 2224 pertinentes
870 2144 907 2206 ad
921 2146 1128 2210 excellentiam

99 2235 155 2289 nee
177 2240 207 2291 et
225 2229 309 2289 officii
331 2227 459 2303 Christi3
489 2248 575 2310 supra
599 2229 679 2307 ipsos
707 2226 855 2307 Angelos,
888 2227 991 2290 nedum
1011 2251 1130 2292 consor·

99 2322 202 2392 natura
222 2312 342 2373 humana
363 2314 520 2375 salvatoris
542 2313 652 2384 nostri,
676 2313 794 2391 gratiis,
816 2310 917 2384 donis,
939 2317 1127 2389 ornamentis,

99 2395 252 2476 ttionilsos,
273 2398 447 2471 eminentiis,
470 2395 690 2476 praerogativis,
712 2393 840 2477 adeoque
868 2405 1026 2474 potestate,
1041 2400 1131 2459 tutie-

104 2487 138 2539 et
157 2478 271 2558 gloria,
299 2479 452 2541 secundom
470 2480 596 2560 Spiritus
623 2479 714 2538 sancti
735 2475 938 2557 plenitudinem
958 2481 1030 2541 citra
1050 2501 1130 2541 rnen·

99 2564 216 2624 tetiam
238 2564 267 2623 in
289 2583 368 2636 sese,
390 2563 529 2643 gradatim
559 2563 594 2623 ab
624 2563 687 2642 ipso
714 2561 849 2623 unitionis
878 2574 1020 2624 momento
1051 2564 1131 2625 locu·

99 2664 123 2706 ι
143 2657 174 2706 et
192 2648 273 2726 quasi
297 2651 413 2709 inuncta
438 2659 500 2719 cst,
529 2646 620 2719 adeo,
648 2655 680 2705 ot
697 2645 819 2724 impletis
851 2644 905 2704 iam
934 2647 1064 2711 omnihus
1092 2645 1131 2708 ad

99 2746 136 2790 ιη
165 2742 291 2791 nostram
324 2734 353 2791 in
385 2732 438 2791 hoc
469 2730 572 2793 mundo
601 2729 794 2801 necessariis,
826 2727 936 2806 gloriae
964 2739 993 2790 et
1013 2731 1129 2791 honoris

101 2832 170 2885 eoa,
206 2833 364 2894 nomenque
391 2836 477 2893 snpra
512 2833 605 2874 omne·
635 2833 757 2885 nomen,
788 2821 919 2889 tanquam
949 2811 1130 2876 obedientiae

99 2896 172 2956 tium
192 2896 314 2976 adepta3
334 2901 364 2959 in
386 2899 497 2959 sublimi
512 2897 747 2979 praesertimillo
761 2892 957 2967 sacerdotalis,
981 2908 1011 2956 et
1031 2898 1129 2976 regiae

99 2980 220 3051 edonis,
246 2982 383 3060 lastigie,
413 2984 473 3041 sola
498 2983 614 3042 Deitate
637 2982 675 3040 sit
696 2980 837 3050 interior,
861 2988 892 3038 et
913 2999 931 3039 a
952 2981 1057 3044 creatis
1079 3000 1130 3041 ce-

105 3063 194 3124 rebus
214 3064 283 3125 licet
304 3086 360 3125 non
383 3086 504 3144 genere,
527 3078 619 3125 umen
641 3064 765 3144 gloriae,
793 3062 881 3135 vitae,
903 3060 987 3136 lucis,
1017 3063 1130 3143 sapien-

107 3149 246 3221 iustitiae,
269 3151 425 3228 potentiae,
447 3171 480 3210 ac
497 3150 623 3209 lactitiae
644 3145 815 3208 abnndantia
836 3156 864 3206 et
876 3147 1128 3226 supereminentia,

99 3241 145 3304 ut,
168 3251 287 3291 numero
307 3243 337 3292 et
355 3233 490 3311 gradibus
512 3232 673 3303 donorum,
704 3249 785 3310 qoam
814 3230 977 3308 longissime
1005 3229 1128 3292 dillerat.

119 3325 217 3375 tannen
239 3317 333 3375 omnia
352 3327 383 3375 ut
402 3337 471 3378 vere
493 3337 510 3376 a
530 3316 613 3376 notis
634 3333 688 3373 nee
708 3316 811 3374 emino
840 3312 1053 3393 comprehendi,
1077 3332 1130 3374 nec

99 3400 265 3478 erilingun
292 3412 430 3480 possuntr
462 3403 504 3461 sic
532 3400 567 3459 ab
592 3397 733 3460 idiomatis
761 3407 879 3457 naturae
899 3398 1029 3475 divinae,
1058 3416 1131 3476 quae
1246 3424 1251 3439 ·

99 3494 238 3556 aeterna,
262 3485 391 3556 infinita,
412 3495 442 3545 ct
463 3483 642 3555 essentialia,
665 3481 830 3541 necessario
848 3477 1036 3547 discernenda
1053 3491 1130 3552 sunt,

113 3566 213 3628 dicta:
237 3565 308 3628 Cum
330 3578 423 3629 antem
444 3568 572 3629 subiecta
598 3566 626 3626 ei
648 3567 705 3624 sint
726 3564 837 3634 omnia,
867 3564 1009 3643 excipitur
1031 3565 1131 3645 procul

131 3652 178 3723 is,
209 3652 257 3731 qui
283 3653 406 3712 subiecit
436 3655 464 3713 ei
491 3651 597 3711 omnia.
630 3647 803 3712 ICorinth.
830 3651 880 3711 15.
924 3648 1017 3721 ltetu‚
1038 3646 1132 3726 Caput

104 3733 220 3877 Clnrlipti
243 3732 336 3796 Deos.
362 3747 378 3798 1
401 3735 533 3798 Corinth.
554 3745 605 3799 11.
640 3733 722 3794 Sicut
745 3731 878 3791 Christus
900 3743 985 3813 capot
1005 3743 1052 3794 cst
1071 3729 1132 3792 lle·

99 3837 133 3879 te.
209 3818 238 3878 lt.
262 3824 293 3883 5·
1036 3832 1039 3837 '

99 3838 409 3982 tintapttngusonus:
441 3901 574 3966 Christus
602 3905 786 3983 inquantum
814 3897 915 3972 Dens,
953 3917 1016 3959 cum
1043 3895 1131 3960 Patre

98 4006 155 4046 noa
182 3985 327 4048 subiectos
357 3988 460 4049 habet:
496 3981 687 4067 loquantum
715 3981 876 4057 Sacerdos,
912 3981 1058 4042 nobiscum
1091 3982 1131 4041 illi

99 4080 162 4131 ctos
193 4080 249 4130 est.
295 4070 361 4131 Lib.
386 4073 409 4132 l.
433 4071 468 4131 de
490 4073 632 4132 Trinitate
665 4091 728 4150 cap.
753 4076 784 4130 8.
828 4066 962 4127 Etrccte
988 4061 1131 4143 Magister

99 4155 223 4214 ntiarum
244 4154 280 4214 de
301 4167 426 4216 assumta
447 4154 556 4217 Christi
578 4166 681 4216 natura
703 4150 863 4214 concludit:
897 4149 963 4210 Non
985 4157 1030 4207 est
1050 4150 1131 4207 carni

99 4258 129 4309 t,
155 4256 242 4382 pppso
261 4242 357 4299 emnia
377 4236 804 4386 [well-’pllwppl-mpfalil'
830 4233 1078 4315 coomnipotens,
1100 4242 1132 4292 ct

99 4334 173 4385 toe'
204 4340 266 4398 eus,
288 4333 447 4406 putaretur.
483 4346 522 4385 t.
568 4365 576 4381 .
620 4341 726 4384 terne.
793 4364 801 4382 .
