2648 4928
849 115 1120 188 '*,.'

297 297 524 394 .cap.11.·
557 301 921 405 comtemptum
1084 314 1185 397 „707
1271 384 1277 391 .

89 493 170 564 gnat
190 482 368 562 scripturae,
390 497 464 560 quac
485 476 593 554 docet,
614 477 761 544 Christum
788 488 936 561 memmi,
965 488 997 552 id
1021 484 1087 569 cst,
1114 502 1184 560 aori
1302 547 1307 562 ,

87 571 187 631 emin
206 572 377 647 Sponsorcm
407 573 438 624 ct
454 565 646 625 Memnonen
657 563 775 644 sactum
800 590 872 630 crac.
911 570 1007 635 llchr.
1030 576 1101 651 vn,
1125 591 1178 646 22.
1227 626 1230 637 .

87 669 112 727 ι,
139 654 352 715 Testamentum
365 649 396 707 r‘n
407 649 529 708 mortm's
542 649 654 711 domares
667 659 764 712 rotun
777 671 849 712 cere.
867 652 963 718 llchr.
979 656 1038 733 tx,
1058 670 1110 727 15.
1127 675 1179 731 17.
1209 704 1212 711 .
1256 694 1261 705 ι

588 830 643 892 ΙΙΙ.

138 952 197 1028 Qui
219 948 335 1021 docent,
357 944 531 1021 „Christum
554 966 608 1027 per
622 967 702 1010 auam
724 951 965 1028 utisiactiaacm,
990 959 1075 1022 nullia
1097 977 1178 1029 certo

87 1036 225 1098 meruisse
245 1035 336 1114 ipsam
365 1031 534 1091 salutemet
561 1028 665 1105 iidem,
699 1051 755 1115 qua
783 1032 867 1096 haec·
881 1032 991 1099 Christi
1019 1046 1177 1111 nuntronio

87 1117 120 1180 td
136 1119 256 1181 salutem
279 1114 433 1177 efficaciter
452 1114 628 1193 applicetur,
659 1115 713 1176 scd
738 1126 847 1178 tantum
874 1116 958 1182 Patri
989 1128 1177 1207 acquisivisse

87 1211 251 1282 potestatem
276 1200 321 1261 vel
350 1198 504 1279 plenariam
531 1198 726 1271 voluntatem,
757 1197 793 1261 dc
820 1220 894 1263 novo
923 1224 987 1267 cura
1015 1209 1175 1278 hominihus

87 1284 204 1366 agendi,
234 1293 264 1345 et
284 1302 385 1354 novas,
409 1299 591 1362 quascunque
613 1283 700 1343 vellat
728 1282 917 1360 conditiones,
946 1294 1173 1373 praescribendi,
1195 1275 1201 1289 ⁸

137 1380 200 1431 rum
224 1366 380 1448 praestatio
398 1385 415 1426 a
436 1364 528 1425 lihoro
556 1363 679 1426 hominia
703 1366 824 1429 arbitrio
843 1368 979 1449 pendeat,
1002 1385 1086 1457 atquo
1107 1379 1173 1443 idco

87 1386 144 1598 Ei
169 1452 314 1534 potuisse,
346 1459 389 1519 ut
406 1447 452 1510 vel
481 1466 584 1520 nemo,
614 1449 660 1510 vel
689 1469 789 1511 omncs
818 1471 868 1512 eaa
894 1455 1088 1536 implerent.“
1130 1464 1173 1527 fli

147 1535 185 1597 de
208 1544 300 1595 morte
320 1531 431 1595 Christi
450 1531 533 1592 nimis
556 1531 670 1594 ahiacto
698 1530 1026 1617 sentiunt,'primarium
1050 1544 1172 1609 fructum

87 1619 290 1692 ahauelicium
311 1633 363 1696 per
385 1636 447 1675 eam
468 1625 576 1695 partum
602 1616 762 1680 nullatenus
783 1633 955 1697 agnoscunt,
987 1634 1017 1685 et
1037 1624 1171 1709 Pelopis.

87 1718 115 1763 ι
135 1720 265 1766 errorem
286 1700 322 1762 ah
343 1699 446 1762 inferis
468 1709 615 1761 revocant.

584 1883 637 1945 lv.

131 2003 190 2078 Qui
209 2002 324 2075 docent,
349 2000 491 2075 „Foedus
513 1998 582 2059 illud
605 2019 706 2061 novum
726 2004 847 2080 gratim,
871 2002 945 2084 quod
963 2005 1044 2069 Deos
1065 2008 1166 2086 Pater,

87 2097 130 2146 aa·
151 2089 251 2147 mortis
277 2084 385 2146 Christi
410 2087 600 2143 interventum
629 2102 691 2143 cunr
721 2085 880 2146 hominihus
902 2091 1028 2169 pepigit,
1059 2113 1113 2154 non
1138 2099 1168 2156 in

87 2183 101 2222 b
133 2173 303 2242 consistere,
326 2167 400 2248 quod
421 2186 473 2246 per
493 2165 594 2237 fidem,
618 2177 756 2247 quatenus
781 2172 910 2230 meritum
932 2173 1041 2233 Christi
1064 2196 1169 2257 appre-
1221 2216 1226 2231 ·

87 2252 187 2327 emolit,
211 2274 306 2314 coram
327 2253 393 2312 [leo
415 2250 601 2310 iustihccmur
627 2260 657 2308 ct
677 2252 834 2324 salvemur3
859 2253 912 2313 sed
943 2257 971 2314 in
991 2257 1068 2330 hoc,
1091 2260 1167 2339 qood

87 2352 175 2412 eus,
206 2339 341 2417 abrogato
370 2336 515 2415 perlectae
545 2331 725 2394 obedientiae
752 2334 851 2415 legalis
881 2340 1049 2412 exactione,
1081 2343 1167 2405 fidem

87 2434 164 2483 tam
186 2434 217 2483 et
234 2421 298 2481 lidei
320 2419 510 2480 obedientiam
532 2418 740 2496 imperfectam,
759 2439 810 2497 pro
835 2422 963 2500 perlecta
996 2423 1069 2502 legis
1095 2427 1166 2486 ohe·

87 2502 184 2566 Graia
204 2516 329 2584 reputet,
350 2515 379 2564 et
397 2506 472 2562 vitae
493 2511 628 2560 aeternae
654 2503 782 2581 praemio
811 2504 938 2583 gratiose
965 2502 1077 2584 dignam
1096 2529 1165 2570 cen·

87 2597 179 2649 =nt.“
222 2590 263 2649 lli
286 2591 360 2649 enim
391 2584 589 2647 contradicunt
616 2584 801 2665 Scripturao,
831 2589 1032 2665 laetficantur
1052 2598 1162 2669 grates,

87 2687 91 2699 ’
125 2677 239 2752 pairh,
260 2693 316 2752 per
337 2673 556 2749 redemptionem
568 2667 686 2747 fuctum
709 2674 738 2729 r'm
758 2673 823 2729 Iesu
840 2671 969 2744 Chresto,
992 2693 1074 2751 quem
1090 2697 1164 2756 pro-

87 2761 141 2817 ua‘t
162 2761 239 2818 Bcus
260 2758 473 2835 placamentum
491 2753 653 2831 perfidem
673 2754 704 2813 im
724 2755 867 2830 songmm
879 2757 951 2815 caios.
994 2755 1082 2818 Rom.
1105 2759 1161 2834 lll,
1246 2786 1250 2803 ·

123 2844 177 2904 25.
221 2839 342 2900 Etcum
373 2840 458 2917 impio
480 2837 606 2907 socius,
636 2854 736 2895 novam
764 2845 794 2899 el
824 2839 1005 2915 peregrinam
1039 2840 1162 2905 hominia

87 2935 140 3007 ¹tan
166 2923 232 2985 Deo
270 2922 517 2993 iustificationem,
547 2929 647 2982 contra
675 2920 761 2980 totius
791 2916 945 2982 Ecclesiae
975 2942 1160 3000 consensum,
1287 2972 1290 2979 .

87 3018 191 3071 leuat.

578 3154 619 3215 V.

127 3277 185 3354 Qui
207 3276 325 3339 docent:
355 3275 491 3348 „Omnes
522 3271 653 3332 homines
679 3273 710 3331 in
738 3280 839 3332 statum
868 3272 1109 3334 reconciliationis
1131 3288 1161 3335 ct

87 3365 192 3422 *utiam
214 3361 338 3423 foederis
358 3380 423 3420 csso
445 3366 623 3435 assumptos,
655 3357 694 3415 ita
714 3367 746 3416 ut
767 3375 850 3416 nemu
876 3365 993 3436 propter
1013 3368 1160 3435 peccatum

87 3441 211 3526 'igiuale
231 3447 269 3505 sit
288 3442 459 3504 damnationi
481 3440 692 3501 ohnoxiusnnt
712 3436 907 3511 damnandus,
931 3438 983 3499 red
1005 3459 1103 3520 omnes
1122 3444 1159 3503 nh

87 3527 153 3590 tius
181 3529 291 3610 peccati
321 3538 401 3591 reatu
432 3525 489 3583 sint
517 3524 699 3585 immunes.“
739 3523 823 3584 llaec
845 3524 919 3584 euim
942 3527 1086 3586 sententia
1112 3545 1158 3585 re-

87 3624 148 3674 nat
169 3613 346 3694 Scriptum,
369 3611 518 3676 affirmanti
541 3629 594 3671 nor
614 3619 724 3671 natura
744 3627 806 3671 cccc
817 3607 903 3687 filans
923 3609 996 3668 rinc.

569 3792 624 3854 Vl.

123 3913 180 3990 Qui
206 3914 412 3993 impetrationis
433 3921 462 3971 et
490 3909 685 3990 applicationis
705 3904 911 3967 distinctionem
940 3918 1093 3985 usurpant,
1126 3919 1156 3965 ut
1245 3902 1252 3913 '

87 4002 164 4059 lutis
186 4010 216 4058 et
238 3998 376 4078 imperitis
399 3996 472 4055 hanc
495 3994 655 4074 opinionem
679 3991 835 4051 instillent:
875 3988 990 4060 Deum,
1021 3999 1155 4069 qnantum

87 4091 130 4143 tc
150 4084 268 4152 attinet,
298 4080 426 4141 omnihus
454 4076 615 4137 hominibus
636 4094 673 4135 en
698 4093 791 4154 aequo
811 4094 848 4134 ea
868 4072 1010 4133 heneficin
1030 4073 1155 4132 voluisse

87 4158 185 4237 ferre,
207 4185 281 4245 qnae
302 4183 355 4243 per
373 4173 493 4223 mortem
514 4160 623 4220 Christi
640 4159 842 4239 acquiruntur3
870 4154 944 4236 qnod
976 4165 1069 4216 aotcm
1092 4157 1153 4234 qui·

87 4261 97 4301 t
123 4268 194 4330 prae
222 4250 287 4310 aliis
315 4248 467 4326 participes
498 4246 566 4304 liant
595 4242 773 4303 remissionis
790 4252 993 4320 peccatorum,
1023 4250 1052 4299 et
1077 4240 1152 4298 ritae

87 4340 185 4408 Mac,
209 4330 362 4394 discrimen
386 4329 452 4391 illud
474 4326 600 4411 pendere
618 4346 654 4386 ex
675 4325 767 4388 lihcao
787 4344 885 4386 corun
907 4324 1047 4394 arhitriu,
1065 4334 1097 4382 se
1115 4320 1153 4380 ml

863 4421 939 4488 ⁴5*
