2648 4928
479 463 672 527 Articulur
699 460 743 527 V.

282 603 339 666 DE
359 601 512 663 LIBERO
533 599 730 664 Attuttttto
749 597 959 664 nomm&

136 720 295 784 Delibero
317 718 435 781 arbitrio
456 717 579 797 hominis
601 718 781 791 confitemur,
801 714 877 799 qood
895 712 965 781 illud
979 739 1058 783 cmm
1080 740 1169 803 quan

99 829 116 869 n
142 807 246 867 habeat
263 802 420 865 libertatem
444 800 480 862 nd
499 800 675 865 efficiendum
696 812 845 863 externam
857 802 969 865 ciuilem
989 802 1169 887 disciplinam

104 890 254 960 iustitiam,
272 889 307 947 'in
328 888 377 960 iis,
411 906 483 966 quae
509 886 613 946 rationi
639 884 767 947 subiecta
795 896 877 959 sunt3
902 888 942 947 ita
967 896 999 947 ut
1027 886 1112 951 luomo
1138 892 1169 953 in

103 971 195 1035 smodi
222 972 357 1052 operibus
386 972 475 1046 (sicut
502 968 662 1051 attigimus)
683 970 814 1042 ratione,
844 964 951 1031 iudicio
971 982 1002 1033 et
1026 972 1170 1043 uoluntate

99 1078 154 1131 ens,
176 1058 204 1116 in
219 1056 318 1135 quovis
340 1053 494 1135 proposito
508 1074 574 1126 suo,
597 1073 661 1131 cum
683 1051 778 1115 diviua
799 1052 863 1133 lege
879 1064 1035 1133 pugnante,
1050 1074 1169 1119 meuse

99 1161 162 1202 nem
184 1159 280 1199 coram
302 1136 367 1198 Deo
401 1135 591 1217 praetendere
617 1140 750 1217 nequeat.
793 1134 987 1199 Veruntamen
1008 1160 1065 1201 noc
1086 1140 1172 1203 habet

99 1246 109 1284 r
133 1225 195 1283 siue
220 1222 328 1302 Spiritu
354 1220 474 1293 Sancto,
507 1230 537 1279 nt
560 1221 652 1301 possit
677 1221 813 1281 iustitiam
828 1214 916 1297 Ἠοῖ,
944 1221 1007 1283 siue
1034 1225 1170 1285 iustitiam

99 1306 230 1368 rittralem
252 1304 377 1365 efficere.
422 1303 563 1365 Animalia
591 1304 666 1364 euim
694 1302 778 1363 homo
804 1323 860 1364 uon
881 1306 1004 1386 percipit
1020 1326 1077 1380 ea,
1096 1328 1170 1389 quae

99 1402 122 1451 rt
144 1389 266 1470 Spiritus
286 1386 361 1449 Deis
383 1386 433 1448 sed
457 1387 528 1447 haec
551 1386 705 1467 spiritualis
726 1386 836 1449 iustitie
864 1388 897 1449 lit
917 1388 949 1451 ln
971 1388 1084 1454 curdib.
1106 1412 1169 1455 curn

99 1494 107 1537 .·
129 1472 260 1537 Verbum
279 1471 337 1533 Dei
360 1471 484 1552 spiritns
503 1472 628 1533 Sanctus
648 1471 820 1561 concipitur.

472 1636 667 1711 Articulur
691 1633 752 1698 Vi.

99 1772 142 1837 >u
163 1772 368 1846 auuuouu,
391 1772 539 1848 causa,
560 1772 617 1835 ur
638 1754 932 1836 nuu'uutnuuutu
952 1772 1142 1839 nuceum.

139 1890 188 1955 De
211 1892 296 1953 causa
318 1891 428 1972 peccati
455 1892 644 1965 confitemur,
672 1888 747 1971 quod
767 1892 881 1953 tametsi
899 1890 982 1955 Deus
1002 1892 1039 1955 uit
1059 1906 1174 1957 crentur

105 1986 292 2038 conservator
313 1987 443 2047 naturae,
466 1987 560 2037 tamen
581 1976 692 2055 peccati
712 1995 800 2037 causa
820 1995 877 2037 noo
898 1978 948 2051 sit,
969 1976 1021 2038 sed
1043 1976 1173 2041 uoluntas

99 2058 213 2132 tiorum,
236 2057 371 2119 videlicet
392 2056 515 2132 diaboli,
546 2069 577 2118 et
598 2058 741 2118 hominnm
764 2059 932 2139 impiorum,
954 2079 1026 2139 quoe
1045 2081 1101 2122 non
1121 2060 1173 2123 ed·

99 2153 174 2204 tante
196 2141 261 2203 Deo
281 2160 313 2201 se
334 2160 352 2201 a
372 2138 496 2199 Domino
517 2139 583 2201 Deo
604 2160 656 2200 ruo
676 2140 790 2212 averit,
813 2142 888 2201 sicut
907 2140 943 2201 de
966 2142 1019 2203 luoc
1041 2140 1173 2205 Christus

99 2227 199 2286 anninus
228 2226 257 2285 in
286 2222 447 2304 Evangelio
467 2221 508 2283 D.
531 2222 668 2285 iohannis
691 2242 756 2303 cap.
784 2230 816 2285 8.
840 2224 903 2285 atr:
936 2222 1172 2293 cantitabatur

99 2311 182 2389 poitur
208 2307 419 2381 mendacium,.
435 2325 473 2367 ex
502 2326 554 2376 suo
587 2304 702 2385 proprio
727 2306 862 2385 loq'uitur.
911 2304 1053 2391 Quodque
1089 2329 1173 2371 omna

99 2404 207 2453 reatum
235 2391 316 2471 (ideo
344 2392 409 2472 quia
434 2401 536 2451 contra
564 2388 658 2468 legem
684 2388 731 2449 vel
756 2397 938 2470 pracceptum
965 2388 1025 2453 Dei
1048 2400 1113 2466 eut,
1144 2403 1175 2455 et

99 2494 131 2535 us
152 2475 211 2536 Dei
230 2474 379 2550 destruit,)
402 2472 468 2536 Deo
495 2484 525 2536 et
551 2472 699 2555 perfectae
723 2472 787 2533 eins
815 2472 959 2535 sanctitati
985 2494 1021 2536 ae
1048 2474 1174 2539 institiae

99 2558 220 2621 unimode
244 2571 275 2621 et
300 2559 420 2618 maxime
449 2559 489 2619 uit
514 2556 675 2619 adversum.
728 2555 770 2617 Et
798 2555 872 2637 quod
899 2576 961 2617 mm
995 2556 1033 2619 ob
1058 2556 1174 2623 causam

99 2659 142 2703 eus
164 2645 226 2723 (qui
247 2642 353 2703 nullum
369 2652 530 2722 peccatum,
553 2639 1071 2721 nullamqucpeccutocontaminatam
1092 2662 1176 2705 crea·-

99 2742 151 2787 um
173 2727 231 2786 ulto
254 2726 337 2786 modo
357 2727 434 2786 terre
454 2725 515 2785 vult
533 2744 567 2785 ac
587 2726 694 2803 potest)
721 2743 947 2806 unumquemque
973 2724 1082 2789 Christi
1101 2720 1174 2787 'Do-

99 2807 125 2865 ni
152 2821 183 2870 et
203 2811 233 2869 in
254 2810 315 2889 ipso
338 2811 484 2889 perfectae
510 2808 609 2869 salutis
632 2826 689 2868 non
719 2810 903 2888 participem,
936 2821 1056 2889 propter
1073 2830 1176 2890 pecca*

99 2907 108 2945 t
152 2913 232 2952 suum
259 2903 405 2952 aeternum
433 2892 548 2952 obiiciat
575 2902 605 2953 et
629 2888 818 2952 condemnet:
847 2890 1080 2971 quemadmodum
1101 2893 1175 2955 heac

99 2988 202 3034 notam
223 2976 503 3047 suamvoluntatem,
523 2986 554 3036 et
574 2974 775 3037 immutabilem
795 2976 933 3037 iustitiam
951 2975 983 3038 in
1002 2975 1070 3057 lege
1090 2996 1176 3059 prae·

99 3062 206 3121 lorum
227 3078 341 3119 suorum
362 3059 445 3119 nobis
465 3057 603 3121 ostendit.

432 3314 436 3321 ῃ
470 3224 670 3288 Articulur
698 3222 767 3287 Vll.

297 3358 353 3422 DE
374 3359 481 3423 LEGE
503 3356 839 3425 ruauctueuutttttt
856 3356 941 3423 eut.

143 3478 227 3541 Deus
256 3481 330 3540 enim
353 3478 539 3560 Omnipotens
565 3479 657 3561 legera
685 3499 764 3541 uuam
790 3489 938 3557 aeternam
964 3488 996 3541 et
1019 3480 1176 3545 immutabi-

142 3564 250 3625 homini
273 3565 451 3643 promulgare
473 3562 605 3643 dignatus
628 3575 684 3638 cst,
714 3586 770 3626 non
791 3562 879 3625 sulum
900 3561 937 3625 ad
957 3564 1127 3646 probitatem
1148 3576 1179 3631 el

102 3659 212 3709 (estam
236 3667 269 3707 ac
293 3647 392 3707 bonam
414 3659 559 3709 externum
583 3646 756 3729 disciplinam
777 3649 854 3709 inter
874 3667 974 3710 omnen
995 3648 1125 3713 homines
1147 3650 1177 3711 iu

132 3731 287 3809 temporali
307 3731 365 3789 vita
387 3730 625 3792 conservandam:
650 3751 747 3793 uerum
766 3732 963 3813 principaliter
980 3744 1012 3794 et
1031 3735 1060 3797 in
1080 3733 1177 3813 specio

115 3811 332 3874 ostendendam
364 3813 445 3873 nolis
480 3812 699 3894 magnitudinem
729 3815 860 3896 peccati,
889 3825 921 3876 et
944 3827 1041 3876 reatus
1070 3816 1176 3887 nostri,

99 3885 183 3958 hinc
204 3915 403 3974 agnoscamus,
427 3918 489 3957 cum
512 3896 615 3958 delicta
641 3909 673 3959 et
699 3898 842 3978 quoslibet
868 3898 1021 3959 interiores
1046 3909 1078 3959 et
1096 3909 1179 3958 extu·

99 3991 158 4042 tes
182 3978 312 4040 detectus
333 3993 457 4054 nostros,
481 3993 538 4041 tum
560 3982 644 4041 etiam
664 3979 801 4044 aduersus
818 3993 937 4062 peccata
959 3992 1056 4041 nostra
1077 3982 1179 4043 iustum

99 4073 133 4123 tn
156 4063 230 4135 Dei,
253 4074 282 4123 et
304 4074 448 4124 aeternam
471 4062 687 4127 damnationem.
730 4065 829 4147 Atque
850 4066 917 4126 ltine
935 4065 1027 4125 oritur
1043 4064 1179 4145 iniunpiir

100 4141 177 4212 dem
199 4146 362 4226 desperatio
389 4159 420 4209 et
446 4159 623 4229 contemptus
643 4149 715 4221 Dei,
738 4150 768 4211 iu
788 4150 855 4213 fitis
875 4169 945 4210 vero
963 4147 1020 4209 Dei
1039 4168 1092 4230 per
1110 4169 1178 4228 pra-

99 4242 127 4291 m
152 4230 279 4313 Spiritus
300 4230 400 4293 Sancti
422 4251 491 4295 uera
520 4232 615 4294 cordis
641 4234 794 4308 contritio,
823 4234 938 4317 pariens
967 4233 1098 4309 timoren
1119 4231 1178 4295 not

114 4314 233 4401 cordo,
262 4314 388 4401 itemque
416 4327 583 4403 perpetuum
613 4336 650 4381 aa
681 4318 837 4401 propinq·
856 4314 959 4417 udan·
973 4334 1178 4399 concap-pappus
