2648 4928
560 114 568 137 h

533 309 716 381 Praefatio.
1104 306 1181 393 825

100 495 218 554 undam
239 492 316 552 nane
336 498 464 550 nostrane
484 490 572 550 maes·
588 510 692 550 seeree
710 486 913 570 consessionem
935 494 966 553 in
987 491 1059 555 bene
1078 495 1183 556 ordene

103 581 192 638 vitae
212 594 376 652 morumque
398 577 566 651 integritate
585 579 750 634 aenteneent
770 586 943 654 regantque,
967 597 1005 637 ne
1025 581 1102 639 attae
1121 583 1184 641 sint

101 662 257 723 Eeeleuis
279 659 386 718 nostris
406 660 612 730 dissensiones,
635 659 687 717 sed
703 678 795 758 pan,
812 661 942 719 charites
968 672 1000 721 et
1025 665 1181 724 eoncordia

99 764 140 804 er
158 764 213 805 nos
234 762 331 803 ornnes
351 752 565 802 eonseraentar
608 743 726 802 Nattum
746 744 818 802 enim
841 742 1024 822 Confessum
1030 746 1112 824 fider
1129 767 1182 806 ne·

99 848 156 900 ae,
180 822 473 889 Admenesmeteriius
501 834 532 883 et
562 827 739 885 Consisterio
766 836 865 885 nestra
891 830 978 886 eleum
1001 840 1073 906 post
1090 832 1181 890 deam

99 910 241 971 cnserem
259 921 288 969 et
309 913 463 969 Patronem
498 909 605 967 hebere
627 910 765 980 ualeamus,
798 911 858 971 nisi
876 920 984 970 tentam
1008 914 1180 974 Caesaream

100 1006 188 1055 eram
209 997 389 1056 Maiestatem
413 1003 546 1071 tanquam
568 997 671 1070 Regem
692 1003 721 1052 et
742 994 889 1053 Dominam
910 1006 1039 1054 nestrum
1061 999 1181 1057 sternen-

99 1082 222 1150 n‘neam,
255 1087 285 1136 et
314 1096 380 1146 ees,
409 1096 457 1155 que
479 1096 617 1136 consensu
643 1087 674 1136 et
700 1079 847 1136 uoluntate
876 1079 1037 1138 Caesareae
1066 1090 1180 1141 uestrae

99 1166 183 1222 uest.
207 1161 245 1220 ab
266 1161 394 1219 οιιιιιιῚιιιι
415 1159 497 1219 nobis
519 1160 611 1219 trr'bas
630 1159 755 1219 statibus
773 1162 826 1220 sub
847 1171 972 1241 utreque
1000 1152 1153 1235 deleati‚‘
1135 1183 1180 1222 ιιι·

99 1248 206 1307 sesamam
223 1255 253 1304 et
276 1263 365 1302 rurae
385 1245 508 1302 eeasdem
534 1243 707 1318 Consistorej
725 1245 944 1304 destinabantur
964 1255 995 1304 et
1010 1246 1181 1325 praeissen-

99 1344 205 1409 ’,que
224 1347 257 1386 ee
268 1325 392 1406 seee'lius
410 1328 464 1386 hoe
487 1329 605 1386 medo
590 1346 620 1386 en
642 1327 805 1406 dordogne
824 1336 856 1387 et
873 1327 927 1388 sub
928 1331 1079 1428 'regemine
1093 1330 1177 1392 Caes.

99 1420 178 1472 strae
198 1412 364 1479 Maiestatis
388 1410 481 1469 dener
509 1421 539 1470 et
561 1412 659 1488 glorie
687 1411 750 1470 Dei
769 1414 948 1489 promoueri,
981 1413 1096 1472 aerium
1118 1414 1187 1473 eius

99 1507 193 1556 netum
212 1514 286 1575 pare
303 1495 476 1573 praedicam
493 1514 528 1554 ae
545 1497 719 1573 propagare,
748 1496 875 1573 populas
903 1496 944 1554 ad
969 1515 1067 1555 verane
1084 1498 1182 1575 pieta·
1188 1512 1191 1517 '

99 1592 116 1637 ιι
138 1579 257 1649 addaei,
282 1587 311 1636 et
329 1578 365 1636 aa
387 1578 594 1676 reeompensatus,
612 1580 740 1657 peccatis
769 1597 805 1637 ae
824 1579 1015 1650 lanternario,
1038 1580 1190 1640 mediante¹

99 1662 149 1722 ”be
165 1664 245 1732 Dei,
272 1663 406 1720 'reuocare
428 1672 533 1740 queat,
558 1661 791 1740 quemadmodum
820 1682 859 1721 ee
876 1663 931 1722 leoe
951 1671 1051 1722 nestra
1070 1666 1179 1753 serapte

117 1744 215 1806 torena
238 1744 416 1820 ConsisterrJ,
444 1747 521 1822 qaod
542 1762 605 1804 cane
625 1747 682 1805 leae
693 1745 779 1824 fidei
791 1754 924 1805 nestrae·
920 1738 1107 1825 consessione
1128 1766 1180 1806 ea*

99 1824 201 1899 bueus,
226 1830 308 1889 Caes.
323 1831 571 1889 aestraMeiestes
587 1847 693 1908 magna
714 1849 752 1888 eu
768 1839 856 1909 perte
876 1830 1040 1907 intelligere
1054 1833 1177 1909 peterit.

127 1915 187 1975 Et
206 1930 279 1982 eam,
305 1913 524 1972 Clementessime
547 1915 666 1984 Caesar,
690 1913 891 1986 tradamaue,
905 1916 991 1992 quasi
1005 1932 1061 1973 nen
1084 1928 1193 1991 ornnes·

99 1997 171 2069 fide
191 1998 412 2065 consentiamus,
430 2000 603 2074 praesertim
624 2017 693 2056 uero
714 1999 832 2058 Camoni
850 2007 880 2057 et
908 1998 998 2056 amici
1021 2001 1118 2057 nestm
1135 1986 1180 2057 di-

99 2081 143 2152 Η,
175 2081 227 2159 qai
247 2101 285 2138 ee
312 2080 423 2136 unitate
457 2082 594 2138 Fratrum
620 2082 821 2139 nominantur.-
843 2090 1000 2158 prepterea
1032 2082 1180 2141 humilima

99 2181 128 2222 ἰ
147 2163 321 2223 subiectione
344 2161 425 2222 Caes.
447 2174 562 2221 uestrae
583 2163 737 2221 Maiestati
753 2163 974 2239 significamus.-
998 2164 1192 2241 quonaone·

99 2264 129 2304 *a
151 2248 199 2306 iili
216 2245 412 2324 superioribus
433 2247 517 2303 annis
540 2244 748 2321 Censesseenem
769 2263 850 2303 secam
874 2246 957 2304 Caes.
981 2257 1096 2305 uestrae
1112 2248 1179 2307 Ma»

99 2329 384 2398 assuetissimum,
407 2338 486 2387 etat
506 2347 541 2386 ea
562 2327 718 2386 tibereum
736 2330 850 2405 liceret,
871 2329 1015 2386 tumetirne
1037 2338 1179 2389 ereremt·
1164 2342 1192 2411 ,ζ
1225 2376 1227 2381 .

127 2432 178 2473 nes
200 2414 310 2482 eosdem,
333 2415 396 2470 ntea
424 2413 540 2490 qued
525 2431 555 2470 ιιι
584 2411 713 2470 omnibus
730 2410 941 2489 preneipeleius
962 2413 1107 2471 arteeute's
1114 2422 1179 2472 eane

138 2508 238 2557 nostre
259 2497 389 2556 enniana
409 2498 493 2556 Fidei
516 2503 634 2554 nostroe
658 2496 842 2554 Christianae
863 2493 1042 2575 consessione
1060 2515 1180 2554 eonsen-

99 2590 149 2649 ιι,
166 2584 200 2640 in
222 2581 403 2658 Itetrgaene
389 2599 514 2658 ipserum
536 2579 651 2641 molesti
664 2597 726 2636 esse
742 2579 886 2650 noluemus,
906 2580 959 2637 sed
979 2597 1075 2637 amnes
1093 2578 1183 2639 semul

99 2667 323 2726 Haene'rmura
355 2667 436 2723 Caes.
460 2674 556 2721 vestra
579 2665 734 2721 Maiestate
758 2662 895 2721 submisse
917 2663 1051 2740 petimus,
1075 2670 1107 2722 et
1126 2670 1189 2723 no·-

99 2764 152 2806 ιιιι
173 2752 295 2812 ιιιιιιιιίιιιι
318 2749 560 2806 clementissimam
588 2745 777 2823 defensionem
798 2748 954 2825 suscepere,
977 2756 1007 2805 et
1029 2757 1118 2806 tutuno
1141 2766 1178 2807 ae

99 2846 181 2890 Ιιιιιι
209 2834 390 2890 Christianae
417 2841 535 2907 nostrae
557 2830 730 2906 Religionis,
759 2832 898 2907 iuxtaque
923 2850 985 2889 earn
1006 2831 1098 2888 dem'ui
1116 2832 1178 2890 eut·

99 2949 128 2980 ,
162 2916 330 2972 euereinum
366 2916 519 2972 elementer·
547 2913 629 2972 orabis
652 2914 821 2991 permittere
849 2915 994 2990 degenetur.
1039 2915 1076 2975 id
1104 2930 1179 2991 erga

99 3011 147 3057 -·s.
178 3007 300 3056 uestram
330 2999 511 3056 ,tlaeestatem
533 3016 586 3055 nes
611 3008 748 3074 tanquam
765 2997 873 3075 fideles
898 2997 1024 3067 subditi,
1062 2999 1188 3056 summis·

99 3085 169 3140 iris
191 3079 298 3139 uiribus
320 3082 465 3138 ΙιιιιιιιἹίιιιιι
479 3099 542 3139 eam
561 3080 734 3139 sabieeteene
757 3101 922 3159 quoeunque
944 3090 1067 3158 tempere
1088 3081 1187 3140 leiren·-

99 3166 169 3224 ime
188 3165 436 3240 recompensaturi
451 3184 558 3223 sumus.
603 3168 701 3241 Atque
729 3166 775 3224 nis
797 3167 958 3223 Caesareae
978 3174 1091 3223 uestrae
1112 3167 1179 3225 Me·

99 3332 125 3386 ι·
138 3334 357 3402 elementissimi,
378 3334 542 3409 petraeiru'e
557 3332 771 3391 elementissimo
784 3334 929 3392 humilima
946 3350 1008 3390 cuae
1031 3333 1179 3391 deuotione

99 3425 117 3461 Ρ
137 3418 404 3476 recommendamus.

146 3501 221 3562 leat.
251 3503 297 3558 die
330 3500 436 3558 etlartis
462 3504 537 3576 pest'
560 3498 675 3558 Festum
705 3501 891 3559 Ascensionis
920 3501 1030 3560 Christi
1055 3501 1085 3559 in
1113 3519 1178 3558 eoe-

99 3595 140 3656 m,
161 3586 190 3642 in
213 3585 336 3663 pabtibis
356 3584 413 3642 illis
436 3584 581 3654 Cernitiis,
612 3601 685 3661 quae
714 3585 761 3640 die
786 3587 886 3644 Lunae
909 3595 976 3661 pest
1005 3584 1178 3643 Demim'eene

99 3670 208 3728 :aeaut
230 3669 376 3737 inchoate,
401 3676 536 3743 eiusque
559 3667 598 3724 ad
613 3668 685 3724 diem
705 3669 824 3740 Marta,
847 3670 1010 3728 memoriam
1025 3672 1061 3727 Ι).
1088 3670 1179 3728 Wun-

99 3755 156 3814 =Iae⁸
178 3763 385 3829 antegressum,
415 3750 560 3808 celebrata
581 3747 726 3826 suerunt,
755 3755 841 3810 Anne
870 3755 986 3811 Demeni
1004 3756 1096 3812 1575.

414 3837 497 3893 Caes.
524 3836 645 3891 Vestrae
664 3836 828 3893 Maiestatis

653 3918 765 3976 Fideles
783 3918 895 3977 subditi

273 4003 420 4069 Berones,
457 4000 589 4069 Nobiles,
622 4003 801 4077 Pragenses,
839 4011 869 4060 et
894 4002 1023 4077 reliquae
1051 3999 1180 4055 castaus

315 4086 435 4141 ernra'am
463 4088 549 4143 trium
578 4088 710 4142 Statuam
737 4087 830 4163 Itegni
847 4085 995 4145 Baiaemiei
1018 4082 1070 4142 sub
1097 4091 1179 4140 utre-

316 4187 370 4244 que
391 4170 666 4228 communicantium.
