2648 4928
209 315 294 411 Ccp.¹
317 319 383 388 tlt.
408 325 443 390 et
466 318 529 386 lv.
579 319 633 388 lle
658 320 890 393 conversionis
911 266 1021 394 modo.
1095 322 1172 400 709

582 496 636 558 lll.

137 618 362 697 ltsque'cmues
391 613 520 695 lnumines¹
550 614 578 674 iu
604 625 723 695 peccato
742 616 959 696 concipiuntur,
982 629 1013 681 et
1034 616 1085 680 lilii
1107 622 1168 683 irec
1244 668 1247 675 .

89 712 229 772 secutur,
251 698 340 777 inepti
361 695 398 758 nd
419 715 503 757 omne
524 695 629 758 tonum
655 698 795 771 salutare,
823 701 956 780 propensi
986 700 1024 763 ed
1049 704 1165 777 mulum,

100 788 229 865 peccetis
250 783 373 852 mortui,
403 791 433 841 et
459 781 570 860 peccati
598 782 696 855 servi3
722 792 754 842 et
776 781 882 863 absquo
910 784 1037 864 Spiritus
1066 787 1166 849 Sancti

89 869 251 947 generantis
272 867 382 943 gratie,
404 862 441 924 sd
462 863 556 925 Deum
576 863 691 941 redire,
720 874 848 928 usturam
869 864 1050 947 depravatam
1072 874 1167 935 corri-

89 971 135 1027 oe,
149 953 194 1016 vel
209 950 246 1012 cd
262 950 323 1009 eius
336 949 543 1009 correctionem
556 967 589 1011 so
604 946 757 1029 disponere
771 969 825 1023 nee
837 949 948 1028 volunt,
960 970 1015 1015 uec
1029 966 1162 1034 possunt.

574 1113 636 1178 JV.

102 1238 105 1243 '
130 1229 288 1295 Residuum
305 1228 416 1310 quidem
436 1241 481 1291 est
509 1240 574 1312 post
598 1225 707 1311 lupsu'm
734 1230 763 1291 in
792 1230 906 1292 llomine
932 1232 1026 1295 lumen
1050 1235 1163 1318 aliquod
1282 1250 1291 1265 ·

89 1312 180 1389 ltcse,
201 1317 281 1376 cuius
304 1315 444 1376 ltonelieio
464 1315 513 1376 ille
535 1314 649 1376 notities
673 1312 808 1396 perdum
835 1314 874 1376 de
900 1313 983 1389 Deo,
1016 1317 1162 1380 derebus

89 1402 245 1471 lsrslilnus,
268 1399 304 1460 de
324 1397 489 1461 discrimine
510 1398 691 1460 honestorum
713 1408 743 1458 et
763 1399 886 1478 turpium
905 1401 1028 1474 retinet,
1059 1413 1090 1462 et
1111 1404 1163 1464 uli·

89 1482 124 1545 td
143 1483 257 1547 virtutis
278 1501 312 1543 ac
333 1480 503 1564 discipliuae
522 1493 661 1544 externae
680 1479 801 1543 studium
822 1481 964 1543 ostendit:
989 1481 1040 1545 sed
1055 1495 1170 1551 tantun.
1193 1550 1196 1557 ,

89 1578 141 1643 tut,
162 1578 195 1628 ut
214 1566 270 1628 loc
291 1576 411 1628 neturus
430 1568 535 1628 lumine
556 1565 593 1626 sd
614 1565 768 1627 eulutsretn
787 1563 845 1626 Dei
875 1567 1067 1646 cognitionem
1096 1588 1162 1650 per·

89 1650 161 1725 tire,
185 1649 269 1712 etad
290 1668 355 1710 eum
375 1669 409 1710 se
430 1660 602 1712 convertere
621 1650 725 1730 possit,
746 1659 778 1710 ut
807 1667 844 1710 ne
865 1648 979 1730 quidem
1001 1670 1038 1712 eu
1059 1652 1090 1711 in
1111 1673 1162 1712 nn·
1185 1697 1190 1711 .

89 1716 185 1796 fliius
206 1754 241 1795 uc
253 1735 384 1794 civilibus
399 1745 479 1795 recte
501 1743 609 1809 ututur,
630 1734 754 1813 quinimo
774 1733 977 1813 qualecumque
998 1732 1028 1796 id
1049 1733 1162 1797 demum
1291 1780 1298 1791 .

119 1819 149 1880 id
169 1829 257 1880 totum
278 1820 366 1879 seriis
386 1817 477 1879 modis
497 1819 682 1889 contaminet,
703 1827 788 1897 etque
808 1819 837 1877 in
864 1818 1004 1880 iniustitis
1014 1816 1159 1895 delineet,

89 1900 121 1964 d
143 1901 209 1965 dum
231 1903 313 1976 lucit,
336 1923 432 1964 corum
455 1901 521 1963 Deo
540 1901 740 1963 inexcusabilis
761 1899 900 1963 redditur.

583 2067 625 2129 V.

129 2184 214 2259 Quae
234 2184 348 2243 luminio
378 2193 513 2254 naturae,
541 2183 643 2245 eedem
671 2183 744 2244 doec
770 2181 912 2261 Decelogi
936 2202 990 2263 per
1017 2181 1162 2247 Mesena

89 2283 112 2324 u
133 2267 251 2328 inducis
271 2267 454 2346 peculiariter
473 2264 569 2326 traditi
590 2276 636 2326 est
655 2269 746 2327 rutio:
778 2287 841 2327 cum
869 2267 944 2326 euim
971 2267 997 2325 is
1023 2269 1162 2345 meguitu-

89 2366 143 2411 tsm
164 2349 277 2431 quidem
299 2353 411 2431 peccati
432 2360 556 2429 retegat,
579 2352 699 2430 duoque
720 2351 860 2411 homicium
883 2350 973 2427 uegit
1007 2368 1042 2408 ec
1071 2352 1162 2427 megin
1230 2400 1241 2427 ,
1284 2358 1287 2367 “

89 2450 128 2499 ut
149 2445 279 2516 peragat,
302 2434 354 2495 sed
375 2453 429 2494 nec
451 2433 607 2496 remedium
627 2433 781 2507 exhibent,
813 2453 868 2494 nee
896 2434 974 2493 vires
995 2432 1165 2510 emergendi

101 2520 224 2581 miseria
245 2520 387 2590 conterat,
410 2516 537 2598 adeoque
560 2538 613 2598 per
639 2537 752 2578 curnem
781 2518 938 2578 iuliumutes
965 2514 1164 2594 usumse-

89 2599 329 2748 gxlppppltlippp
349 2603 508 2682 relinquet,
538 2623 593 2662 nou
613 2611 707 2683 potest
734 2600 820 2661 homo
842 2619 895 2680 per
918 2618 983 2660 estu
1011 2600 1162 2660 otluturetn

577 2851 630 2911 Vl.

132 2968 217 3044 Quod
237 2970 324 3048 igitur
345 2988 398 3028 nec
420 2969 514 3028 lumen
536 2978 672 3038 naturae,
704 2985 757 3025 nec
779 2965 826 3025 lex
848 2976 960 3044 potest,
982 2962 1011 3025 id
1040 2964 1164 3044 Spiritus

89 3056 150 3114 ncti
172 3055 276 3113 virtute
293 3063 420 3131 praestet
441 3052 535 3123 Deus,
559 3071 610 3131 per
632 3068 804 3120 sermonem,
827 3051 888 3108 sive
910 3051 1095 3108 ministerium
1118 3068 1164 3106 rc-

89 3138 275 3207 tciliutionis,
300 3134 375 3215 quod
403 3147 448 3195 est
467 3134 656 3214 Evangelium
678 3130 713 3193 de
733 3132 865 3204 Messio,
890 3152 943 3212 per
964 3130 1038 3210 quod
1060 3131 1165 3211 placuit

89 3239 118 3280 o
144 3220 272 3279 homines
304 3218 474 3292 credentes,
509 3231 564 3279 tum
591 3220 620 3279 iu
647 3218 771 3288 Veteri,
793 3235 876 3297 qum
903 3217 933 3275 iu
955 3214 1038 3275 Nouo
1061 3215 1165 3274 Testa-

89 3315 159 3377 πω,
183 3323 309 3365 cercuro.

574 3466 645 3528 vti.
670 3435 676 3467 ²

136 3591 202 3650 lloc
227 3589 379 3668 voluntatis
407 3605 475 3646 suae
502 3586 667 3665 mysterium
690 3580 771 3641 Deus
802 3581 833 3640 in
855 3578 956 3639 Veteri
984 3578 1168 3639 Testamento

89 3675 235 3736 neioribus
256 3672 409 3752 putelecit,
434 3670 462 3728 iu
483 3668 568 3728 Novo
589 3667 774 3727 Testamento
803 3663 948 3743 pluribus,
977 3663 1088 3722 subluto
1114 3664 1168 3720 ism

89 3760 219 3832 potorum
247 3756 430 3826 discrimine,
472 3753 644 3812 manifestat.
694 3746 784 3807 Cuius
813 3745 1035 3826 dispensationis
1070 3765 1167 3815 causa,

89 3857 114 3901 tn
135 3845 164 3903 in
188 3843 282 3921 gentis
304 3840 389 3897 unius
411 3857 480 3917 prae
501 3837 556 3896 ulis
576 3833 734 3913 dignitate,
767 3840 818 3890 sut
843 3831 961 3891 meliore
985 3828 1099 3889 luminis
1120 3844 1171 3885 ua·

89 3939 138 3986 ‘ae
161 3945 227 3997 usu,
249 3923 301 3983 scd
323 3925 350 3981 iu
368 3922 515 3981 liberrimo
532 3917 720 3997 beneplacito,
744 3924 771 3974 et
785 3915 908 3992 grutuita
929 3911 1082 3973 dilectione
1098 3908 1168 3968 {llil

89 4013 102 4063 l
122 4006 297 4070 collocanda.
343 4004 425 4065 Unde
443 4004 496 4076 illi,
520 4003 621 4082 quibus
642 4008 756 4079 practer
768 4008 798 4057 et
819 4009 919 4058 contre
936 4015 1019 4055 omne
1039 3993 1170 4053 meritum

89 4104 136 4153 ota
158 4095 191 4152 lit
210 4093 314 4172 gratis,
339 4108 400 4149 cam
422 4088 517 4147 humili
540 4097 568 4145 ct
592 4096 674 4164 grato
692 4079 778 4142 corde
800 4099 977 4160 agnoscere,
1007 4081 1036 4137 in
1055 4076 1171 4156 reliquis

90 4185 167 4248 um,
190 4177 291 4256 quibus
312 4194 347 4234 cu
371 4174 462 4250 gratia
484 4192 540 4230 uon
562 4169 611 4241 fit,
641 4167 823 4227 seneclutem
849 4177 879 4225 et
898 4164 1033 4223 iustitiam
1054 4159 1172 4219 iudicio·

90 4278 122 4324 u
142 4258 214 4321 ttttt
242 4279 305 4321 cun
329 4257 468 4338 Apostolp
496 4254 634 4326 adorere,
664 4268 839 4332 nequaquem
865 4267 934 4311 sero
958 4247 1073 4307 curiose
1094 4262 1174 4305 scru-

89 4347 114 4409 ti
136 4344 254 4409 dolent.
