2648 4928
131 264 206 323 ult
555 257 825 317 PRAEFATlss.
1237 284 1247 345 l

132 414 255 475 obtineat
270 427 366 481 corpus
383 426 431 483 pro
450 409 527 465 uobis
543 410 699 465 crucifixum
721 415 750 464 et
765 411 874 478 sanguis
891 413 920 465 iu
936 428 1017 467 emec
1032 412 1123 480 iusus;
1145 410 1247 505 deici,-u

131 504 300 573 peceatomm
318 494 443 565 expiatio,
460 495 501 547 ins
518 494 677 563 adoptionis,
696 495 765 549 ritae
780 496 899 563 novitas,
916 501 944 549 et
961 513 1132 566 quaecunque
1149 497 1184 551 sti
1203 514 1247 582 m(

132 591 187 640 tam
205 587 339 635 aeternam
355 583 484 650 spectant
518 577 546 646 5)
566 578 637 644 lirgo
661 578 809 647 quicunque
835 579 884 633 rite
907 586 934 631 et
959 581 1002 649 pie
1020 586 1129 634 utuntur
1154 552 1247 667 suariz

106 714 120 739 ,
131 668 239 733 mentis,
255 664 399 729 Christum,
416 666 446 714 ut
464 661 519 714 illic
535 660 611 714 nohis
629 661 740 715 offertur
752 680 805 716 una
819 679 879 715 cum
894 663 1074 732 spiritualibus
1091 665 1149 718 eius
1167 640 1235 749 ‹iou;¹

132 753 273 822 recipiunt.
305 748 375 801 Nam
400 751 430 798 ut
453 760 534 797 verax
559 743 595 797 ait
614 747 701 810 Deus,
724 763 834 800 neeesse
856 753 898 800 est
921 748 1046 817 quidquid
1064 749 1198 815 significat
1213 717 1247 841 a}

132 835 265 909 promittit
281 832 314 884 ab
339 829 396 898 ipso
413 827 518 896 impleri
542 844 574 882 ao
596 829 733 898 praestari.
767 831 854 898 Atque
879 837 908 884 ut
931 846 993 884 vers
1015 833 1051 885 sit
1075 802 1230 898 significati

131 936 243 977 necesse
260 920 303 969 est
324 914 355 966 ut
370 912 481 965 ollactus
504 914 546 964 rcl
570 929 612 965 res
629 912 688 982 ipsa
712 912 789 980 signo
811 914 976 982 respondeat.
1010 916 1039 979 6)
1060 915 1137 972 Quod
1155 890 1241 968 aare*

132 1022 183 1077 per
198 1002 370 1058 &eramenta
386 996 497 1049 dicimus
523 1010 571 1048 noa
594 995 653 1049 lieri
673 995 773 1050 Christi
795 1003 822 1050 et
847 998 1022 1066 spiritualium
1040 999 1097 1051 eius
1114 974 1241 1052 donarat³¹

132 1087 292 1161 partimpes,
313 1081 342 1134 iu
360 1094 392 1133 ao
409 1096 461 1133 non
480 1080 513 1132 ad
531 1080 607 1146 signa
624 1080 712 1145 nuda,
736 1080 783 1132 sed
801 1082 888 1149 potius
906 1082 939 1134 ad
958 1081 1158 1152 promissionem
1176 1061 1247 1149 qusu

131 1173 187 1229 illia
202 1182 307 1223 annexa
323 1169 373 1230 est,
391 1171 539 1232 respectum
555 1163 693 1217 habemus.
726 1165 863 1220 Quatenus
880 1181 945 1232 ergo
956 1166 983 1219 in
998 1163 1174 1234 promissione
1190 1148 1247 1219 mm

133 1256 224 1311 oblata
241 1248 345 1320 prolicit
361 1252 450 1300 nostra
468 1247 552 1313 tides,
576 1252 686 1299 eatenus
709 1262 739 1300 ae
764 1247 817 1300 ista
839 1248 879 1301 uis
899 1257 927 1302 et
945 1248 1062 1302 efficacia
1081 1265 1161 1318 quam
1175 1234 1246 1318 §eit

132 1355 204 1403 mus,
222 1352 252 1390 se
272 1331 365 1385 exerit.
398 1331 438 1384 ita
456 1330 566 1384 materie
583 1347 668 1400 aquae
686 1337 732 1383 aet
751 1332 835 1400 panis,
854 1337 901 1384 aut
921 1331 973 1385 vini
992 1332 1127 1386 Christum
1143 1320 1247 1405 uequsf?

132 1438 213 1494 quam
230 1417 306 1472 nobis
325 1415 421 1481 utlert,
445 1431 494 1469 nec
518 1414 695 1483 spiritualium
717 1412 776 1468 eius
800 1415 929 1468 donorum
953 1424 1088 1485 compotes
1105 1430 1155 1467 nos
1172 1408 1247 1469 iaoi¹¹

134 1507 182 1561 sed
201 1499 339 1573 promissio
358 1499 443 1566 marris
459 1501 603 1567 spectanda
620 1505 670 1565 est,
688 1499 762 1551 cuius
782 1505 872 1566 partes
887 1502 950 1553 sunt
967 1516 1014 1552 noa
1033 1506 1104 1553 rectu
1122 1497 1187 1553 fidet
1203 1490 1247 1551 *ΡΙ

133 1589 169 1646 ad
187 1585 322 1640 Christum
340 1583 445 1637 ducere.
464 1579 498 1650 7)
517 1585 587 1637 ilino
603 1580 719 1635 concidit
733 1583 900 1649 Papiatarum
918 1599 1002 1650 error,
1020 1583 1110 1652 quiin
1128 1576 1247 1637 clemeri*

133 1674 171 1728 tia
186 1673 382 1737 obstupescunt,
403 1672 431 1720 et
448 1668 500 1720 illis
519 1667 630 1732 affigrmt
646 1664 738 1718 salutis
755 1681 820 1719 suae
837 1668 979 1737 fiduciam,
998 1686 1057 1722 cum
1075 1668 1247 1721 Samameasu

132 1752 271 1829 achiisto
287 1756 409 1820 separata
427 1750 492 1803 nihil
505 1750 575 1803 aliud
595 1750 656 1816 sint,
675 1765 754 1818 qnam
765 1743 862 1805 'inanes
880 1755 978 1817 laruae,
995 1753 1065 1805 etin
1083 1750 1147 1820 ipsis
1159 1734 1247 1809 unilt

134 1842 185 1897 has
209 1838 276 1893 haec
295 1851 345 1887 sos
371 1835 443 1888 clara
461 1841 600 1902 personet,
626 1850 679 1887 non
703 1833 765 1886 alibi
790 1851 868 1903 quarn
888 1835 916 1888 in
933 1837 990 1888 solo
1008 1834 1115 1889 Christo
1132 1827 1247 1901 haeresia

134 1918 214 1988 dum,
237 1937 287 1974 nec
310 1919 416 1971 aliunde
434 1918 575 1985 petendam
593 1934 653 1971 esse
670 1917 761 1994 salutis
780 1918 902 1983 gratiam.
934 1920 965 1986 8)
982 1910 1124 1971 Praeterea
1140 1917 1165 1971 si
1182 1915 1247 1986 quia

132 2007 198 2064 boni
215 2021 262 2075 per
278 2004 451 2056 Sacramenta
468 2002 543 2055 uulsis
562 2001 709 2067 consertor,
731 1999 758 2054 id
781 2016 835 2055 aun
857 2002 888 2053 iit
906 2001 1014 2070 propria
1031 2016 1122 2054 corum
1140 1999 1247 2056 virtuter

30 2128 35 2143 ,
99 2151 101 2154 y
133 2089 239 2179 ptiumsi
256 2086 467 2157 promissionem,
484 2100 535 2153 qua
553 2084 741 2151 insigniuntur,
759 2084 976 2154 comprehendas.
1011 2085 1084 2138 Deus
1098 2085 1172 2139 enim
1188 2086 1244 2155 plat

134 2182 177 2231 est
196 2173 241 2244 qni
258 2170 351 2241 spiritu
366 2185 415 2220 suo
433 2168 497 2233 agit,
517 2173 544 2220 et
561 2167 632 2235 quud
650 2174 873 2221 sacramentorum
894 2168 1041 2223 ministerio
1059 2169 1152 2234 utitur,
1168 2168 1244 2225 insa

134 2275 221 2328 neque
240 2256 291 2310 rim
309 2254 361 2306 illis
377 2268 452 2306 suam
472 2251 604 2318 infundit,
629 2267 679 2305 nec
699 2251 807 2320 spiritns
826 2252 867 2305 sui
884 2252 1018 2306 efficaciae
1035 2253 1177 2322 quidquam
1198 2253 1247 2315 aler

133 2348 227 2409 κομι)
244 2338 290 2391 sed
311 2353 358 2405 pro
376 2336 497 2389 ruditatis
515 2343 620 2388 nostrae
637 2342 725 2404 captu,
743 2350 776 2389 ea
793 2341 917 2404 tanquam
936 2337 1096 2391 adminicula
1114 2336 1154 2391 sic
1170 2335 1247 2401 stlta

134 2429 190 2492 bet,
207 2430 237 2477 ut
253 2428 309 2476 tota
326 2420 422 2487 agendi
439 2421 551 2473 facultas
568 2426 674 2473 maneat
690 2435 773 2489 panea
787 2421 874 2487 ipsum
886 2421 983 2474 solum.
999 2420 1029 2488 9)
1047 2424 1139 2490 ltaque
1152 2436 1247 2492 quana

122 2492 276 2566 admodum
294 2506 392 2558 Paulus
409 2505 549 2572 admonet,
571 2520 649 2567 eum,
666 2503 711 2572 qui
729 2505 830 2572 plantat
846 2505 889 2557 vel
906 2504 993 2571 rigat,
1016 2506 1082 2559 nihil
1100 2523 1177 2576 esse,
1196 2522 1247 2576 sse

134 2608 217 2649 uum
235 2591 320 2643 Deum
338 2605 398 2642 esse
415 2589 459 2659 qui
477 2590 522 2642 dat
538 2588 746 2653 incrementum,
763 2585 844 2640 itaet
862 2588 895 2641 de
912 2589 1089 2644 sacramentis
1106 2591 1247 2661 ormnem,

134 2685 185 2740 est,
203 2692 236 2729 ca
255 2673 321 2728 nihil
337 2690 407 2739 esse,
423 2674 487 2742 quin
506 2673 570 2726 nihil
590 2672 728 2744 profutura
745 2676 817 2739 sunt,
837 2671 888 2725 nisi
905 2674 978 2727 Deus
990 2674 1017 2726 in
1032 2676 1144 2728 solidum
1159 2674 1241 2745 umal,

134 2761 242 2816 afficiat.
276 2761 454 2813 instrumenta
478 2759 584 2826 quidem
608 2766 685 2824 sunt,
712 2756 807 2826 quibus
828 2757 986 2822 efficaciter,
1012 2752 1058 2812 ubi
1086 2762 1170 2813 visum
1196 2770 1247 2837 est

134 2844 193 2913 agit
207 2841 350 2907 Dominus,
376 2843 424 2894 sed
450 2841 488 2895 ita
513 2849 541 2896 ut
559 2849 643 2898 totum
662 2841 755 2897 salutis
771 2849 878 2895 nostrae
899 2860 966 2910 opus
982 2843 1033 2911 ipsi
1049 2843 1094 2895 uni
1111 2848 1245 2920 receptur,

134 2927 201 2984 iesri
217 2926 321 2978 dehent
358 2926 402 2993 10)
423 2925 614 2981 Censtituimus
632 2942 696 2992 ergo
714 2941 795 2977 unurn
813 2940 871 2977 esse
888 2924 1038 2988 Christum,
1061 2925 1106 2991 qui
1125 2941 1187 2980 rere
1205 2928 1247 3010 iu¹

135 3016 179 3067 tus
197 3008 330 3076 baptizat,
353 3009 398 3076 qui
423 3026 472 3063 noa
496 3010 524 3063 iu
551 3027 634 3065 coena
650 3010 714 3063 iacit
729 3007 772 3062 sui
787 3006 944 3076 participes,
962 3008 1006 3072 qui
1024 3008 1136 3075 denique
1154 3009 1247 3094 imple¹

134 3093 206 3165 quod
223 3093 339 3158 ligarent
356 3092 543 3159 Sacramenta,
569 3100 598 3147 et
617 3094 655 3147 ita
672 3092 778 3160 quidem
803 3089 844 3142 his
861 3087 1043 3155 adminiculis,
1067 3097 1096 3142 ut
1113 3096 1185 3146 totus
1206 3097 1235 3151 el

134 3177 222 3243 iectus
245 3190 327 3245 perrea
351 3174 408 3229 sius
430 3177 552 3245 spiritum
578 3177 703 3231 resideat.
737 3174 782 3241 11)
800 3170 845 3224 Sic
865 3172 997 3224 interdum
1017 3182 1182 3230 sacramenta
1199 3141 1247 3267 ὀἰ

135 3265 230 3316 autur
248 3258 336 3325 sigilla
353 3264 381 3313 et
397 3265 485 3313 tannen
504 3261 576 3315 solus
594 3257 708 3329 Spiritus
727 3255 833 3328 proprie
854 3255 896 3309 est
911 3257 1027 3323 sigillum
1051 3264 1078 3311 et
1095 3259 1165 3313 idem
1183 3263 1247 3335 lide,

135 3344 275 3402 inchoator
289 3350 316 3396 et
337 3342 476 3412 perlectos.
510 3342 579 3397 Nam
597 3342 663 3397 liaeo
680 3340 769 3393 omnia
787 3346 1011 3395 sacramentorum
1034 3345 1160 3398 attributa
1176 3334 1247 3407 inte:

135 3429 207 3485 aiore
223 3431 281 3482 loeo
301 3428 455 3493 subsidunt,
483 3433 513 3483 ut
536 3443 571 3481 ne
597 3424 706 3479 minima
730 3423 836 3493 quidem
862 3425 954 3478 salutis
978 3435 1085 3481 nostrae
1108 3410 1247 3520 portioni

83 3514 89 3533 ⁸
136 3513 216 3567 uniou
239 3516 332 3565 autore
356 3512 389 3564 ad
414 3518 548 3565 creaturas
573 3507 756 3562 transferatur.
791 3510 835 3577 tt)
854 3510 997 3565 Praeterea
1013 3513 1104 3567 sedulo
1123 3515 1247 3579 domae,

134 3599 223 3654 neum
241 3613 295 3650 nou
312 3596 462 3665 promiscue
479 3595 530 3648 rim
548 3608 623 3647 suam
637 3606 748 3647 exerere
768 3592 795 3644 in
812 3595 936 3647 omnihus
953 3596 999 3665 qui
1016 3596 1188 3652 Sacramenta
1205 3580 1247 3655 [αι’

137 3682 256 3751 cipiunt,
280 3680 327 3732 sed
346 3686 446 3733 tentum
464 3680 492 3734 iu
501 3677 614 3739 electis:
639 3690 700 3726 sam
727 3679 947 3746 quemadmodum
965 3697 1017 3735 nou
1038 3681 1104 3734 ahos
1123 3680 1150 3734 in
1167 3654 1247 3749 {iden¹

136 3765 284 3831 illuminat,
308 3778 387 3832 quam
411 3779 478 3833 quos
501 3758 697 3833 praeordinavit
720 3759 865 3826 advitam,
891 3765 929 3818 ita
954 3782 1049 3820 arcana
1069 3736 1247 3839 peculiarium¹

137 3849 248 3922 spiritus
265 3846 308 3901 sul
330 3847 426 3900 virtute
443 3845 533 3912 etheit,
550 3850 579 3898 ut
593 3845 764 3899 Sacramenta
783 3847 835 3901 illia
851 3850 914 3903 solis
932 3850 1075 3904 exhibeant
1092 3851 1162 3918 quod
1179 3852 1247 3917 oue,

135 3939 208 3991 aaut.
244 3931 290 3999 1³)
304 3928 364 3983 Hac
384 3929 503 3983 doctrina
527 3928 654 3982 evertitur
678 3929 743 3982 illud
762 3931 945 3999 Soplristurum
962 3944 1155 3998 commentum,
1178 3918 1247 4013 quor]

137 4016 217 4072 dccet
233 4016 403 4069 Sacramenta
420 4029 503 4065 novae
523 4012 590 4081 legis
607 4012 728 4067 conferre
746 4016 858 4082 gratiam
877 4019 999 4072 omnibus
1017 4036 1068 4072 non
1091 4021 1247 4087 ponentihu

138 4099 243 4155 obicem
262 4095 507 4168 premonemur.
541 4097 729 4166 Praeterquam
751 4099 820 4151 enim
846 4104 913 4170 quod
937 4103 965 4155 in
982 4103 1160 4157 Sacrameutis
1183 4104 1241 4161 nihi

138 4183 192 4239 nisi
209 4183 262 4236 tide
279 4178 439 4254 percipitur,
463 4182 605 4234 tenendum
628 4199 733 4253 quoque
750 4189 806 4252 eat,
830 4186 938 4241 minime
955 4187 1086 4252 alligatam
1107 4186 1173 4255 ipsis
1191 4205 1247 4250 ease

139 4266 193 4327 Dei
209 4265 336 4337 gratim,
359 4270 389 4318 ut
402 4263 520 4336 quisquis
536 4266 641 4335 siguum
660 4264 749 4334 hahet,
767 4284 797 4322 re
813 4268 893 4323 etiarn
910 4271 1035 4340 potiatur.
1071 4271 1140 4326 Nam
1157 4288 1247 4342 repro¹
