2648 4928
461 290 692 367 catechismus
715 286 832 356 minor.
1124 280 1199 355 113

101 502 197 549 ranem
223 490 350 543 nostrum
387 468 577 556 quotidianum
606 467 642 527 du
670 467 753 528 uobis
778 462 882 536 bodio,
915 480 950 526 ac
977 463 1091 526 remitte
1116 462 1199 524 uobis

101 570 192 631 lebita
214 575 329 634 cosma,
353 560 427 619 sieut
447 575 499 615 nus
522 553 688 613 remittimus
712 547 888 610 debitoribus
910 552 1028 622 uostris,
1050 560 1080 609 et
1095 566 1133 607 uc
1146 568 1199 608 noa

102 652 212 715 nducas
241 645 494 711 intentationem,
527 636 579 697 sed
603 635 693 695 libera
720 632 925 707 mosmale,
955 634 1022 714 qnia
1048 644 1126 693 tuum
1154 642 1201 693 est

101 752 233 817 reguum,
255 720 383 813 potentia
404 734 434 786 et
453 724 546 804 gloria
568 722 597 778 in
620 718 727 779 secula.
770 714 877 779 Amen.

445 906 845 1040 Symbolum.

179 1116 276 1181 Credo
298 1116 327 1175 iu
349 1110 440 1172 Deum
462 1107 580 1167 Patrem
609 1106 849 1183 omnipotentem,
876 1114 1035 1166 creatorem
1063 1105 1137 1167 coeli
1166 1124 1202 1167 uc

100 1218 213 1275 tarrae3
251 1210 282 1260 et
309 1200 337 1257 iu
364 1196 457 1255 lesum
486 1190 630 1251 Christum
668 1189 755 1247 lilium
788 1189 849 1248 eius
881 1191 1013 1264 unicum,
1048 1187 1205 1251 Dominum

100 1298 242 1357 nostrum3
262 1284 309 1362 qui
331 1286 485 1353 corceptus
504 1284 550 1334 ost
570 1292 587 1331 e
609 1272 717 1351 Spiritu
741 1282 857 1344 sancto,
879 1284 962 1333 natus
977 1292 1014 1334 ex
1025 1273 1120 1335 blario
1133 1274 1205 1335 Vir·

100 1372 188 1451 giuo;
209 1385 309 1447 passus
331 1362 383 1423 snb
403 1358 506 1419 Pontio
527 1356 638 1427 Pilato,
662 1356 830 1427 crucifixus,
860 1344 986 1418 rdortuus
1006 1368 1036 1418 et
1056 1359 1204 1438 sepultus;

103 1452 249 1515 lesceudit
270 1448 306 1509 ad
325 1438 493 1525 inferos*)=
519 1440 604 1500 tertio
624 1438 671 1499 die
692 1440 851 1499 resurrexit
870 1459 888 1500 a
907 1442 1042 1503 mortuisa
1069 1441 1204 1503 ascendit

104 1540 132 1597 in
155 1534 286 1602 coelum,
317 1538 347 1587 et
367 1524 450 1587 sodet
470 1521 507 1584 ad
527 1522 653 1583 dextram
676 1521 734 1583 Dei
763 1524 854 1603 patris
880 1525 1098 1605 omnipotentisa
1128 1525 1204 1587 uude

100 1602 236 1677 *tenturus
256 1623 301 1674 cst
321 1609 356 1669 ad
378 1606 558 1669 iudicandum
579 1607 658 1667 vivos
680 1618 709 1666 et
729 1616 867 1665 mortuos.
911 1604 1007 1667 Credo
1022 1610 1051 1668 in
1066 1610 1206 1689 Spiritum

100 1692 257 1763 'bauctumz
291 1694 422 1755 Sanctam
444 1691 593 1752 ecclesiam
613 1690 800 1751 catholicam:
830 1688 1000 1750 Sanctorum
1032 1693 1206 1753 commuuio.

100 1800 186 1859 ‘teme
209 1780 408 1841 remissionem
426 1788 623 1859 pcccatorum,
657 1773 897 1835 resurrectionem
918 1774 1048 1856 corporis
1069 1785 1100 1837 et
1118 1776 1207 1837 vitam

100 1872 255 1927 'zeternam
299 1862 405 1927 Amen.

106 2112 109 2117 -
183 2075 210 2137 Ε
230 2073 396 2156 quaestione
417 2072 540 2150 qualibet
560 2072 707 2149 utriusque
728 2075 895 2137 catechismi
915 2079 1065 2158 repetitum
1079 2076 1208 2141 dedimus

99 2184 131 2240 pu
151 2160 340 2239 responsione
362 2164 494 2236 quantum
516 2154 729 2232 responsionem
748 2157 900 2236 quamlibet
921 2160 1021 2221 reddat
1038 2165 1209 2243 propositio-

99 2263 165 2321 .aem
193 2245 352 2320 integrum,
379 2239 441 2298 siue
465 2236 634 2296 seutentiam
663 2236 830 2299 associum.
885 2238 931 2301 llo
957 2263 1059 2324 nempe
1086 2248 1208 2308 consilio

99 2322 133 2386 'it
154 2324 276 2385 discenti
301 2322 418 2383 ulterius
440 2321 515 2381 utilis
534 2338 599 2381 csse
621 2322 727 2399 possit,
757 2325 870 2403 quoties
889 2328 1003 2388 occasio
1032 2329 1145 2403 tulerit,
1172 2327 1210 2391 ad

101 2408 275 2490 cognitionis
288 2426 322 2467 ae
335 2405 451 2487 pietatis
462 2405 677 2474 incrementum,
701 2404 746 2463 vel
760 2418 839 2468 extra
849 2409 1042 2471 catechisaudi
1055 2414 1207 2475 rationem.

99 2486 104 2499 '
184 2490 226 2553 Et
252 2490 377 2571 quamvis
399 2491 429 2549 in
452 2490 588 2549 alterutro
611 2486 793 2549 Cateebismo
820 2491 976 2554 substantia
1005 2494 1151 2557 doctrinae
1181 2498 1212 2557 lu

103 2573 272 2657 compendio
305 2574 353 2633 illo
383 2572 534 2655 (Symbolo
564 2571 720 2651 apostolico
750 2574 834 2652 uulgo
864 2573 954 2655 dioto)
986 2580 1212 2660 comprehensae

102 2661 188 2745 ..plene
219 2678 253 2718 ac
279 2659 408 2738 perlecto
447 2656 631 2727 exhibeatur,
671 2652 744 2715 adeo
781 2656 894 2737 quidem
921 2671 952 2719 nt
979 2664 1055 2723 nulla
1085 2666 1212 2743 supersit

109 2741 265 2805 necessitas
286 2740 441 2821 symbolum
463 2741 553 2819 ipsum
572 2739 736 2799 inserendi:
763 2741 942 2803 nihilomiuus
961 2755 1055 2807 tomen
1078 2747 1123 2807 hic
1143 2746 1213 2809 illud

105 2822 328 2887 subnectendum
361 2842 424 2884 esso
460 2823 607 2898 duximus3
657 2844 712 2883 nou
745 2823 864 2902 perinde
892 2829 972 2907 qnasi
1003 2842 1052 2889 aut
1078 2831 1114 2891 ub
1142 2834 1213 2911 ipsis

98 2910 252 2991 ⁸Apostolis
275 2910 361 2967 luerit
382 2909 595 2979 concinnatum,
628 2917 676 2966 aut
696 2910 805 2986 pariter
824 2928 889 2969 cum
912 2908 1068 2993 decalogo,
1098 2935 1132 2974 uc
1148 2935 1214 2975 ora·

98 2990 182 3055 'ioue
209 2991 362 3051 Dominica
389 3010 440 3070 pro
466 2992 615 3069 Scriptura
641 2993 779 3052 canonica
804 2992 904 3053 haberi
927 2991 1046 3056 debeat:
1085 2997 1213 3065 (Nedum

101 3086 186 3139 corto
206 3095 259 3155 pro
281 3076 428 3143 oratione,
457 3092 511 3151 quo
532 3074 646 3133 nomino
669 3076 769 3153 ignare
794 3076 941 3157 plebecula
967 3099 1031 3139 cum
1058 3070 1126 3140 illud
1154 3092 1213 3143 tum

100 3159 272 3236 decalogum
293 3161 322 3217 in
343 3158 461 3237 proclivi
484 3156 536 3213 ituit
555 3168 583 3214 ut
604 3161 767 3240 usurparet)
791 3180 888 3221 verum
903 3160 978 3242 quod
993 3165 1031 3222 sit
1049 3162 1114 3223 hlei
1128 3162 1213 3224 Chri·

100 3246 219 3305 stianae
239 3242 326 3301 breve
346 3238 559 3319 compendium,
584 3239 670 3298 uerbo
687 3240 747 3302 Dei
766 3257 1000 3324 cousentaneum,
1021 3267 1055 3308 uc
1071 3249 1099 3307 in
1111 3246 1225 3307 licclc·.

101 3327 159 3389 aiis
181 3323 291 3384 Christi
313 3326 467 3405 antiquitus
488 3332 643 3403 receptum.

106 3448 400 3465 ffl———u

174 3502 207 3587 ff)
223 3506 244 3555 i.
262 3523 286 3556 o.
304 3482 445 3569 permansit
462 3510 489 3558 in
508 3518 577 3557 statu
594 3516 754 3557 mortuorunt
771 3518 797 3557 et
814 3512 863 3559 sub
879 3522 1009 3575 potestate
1025 3480 1212 3581 mortisusqne

102 3580 139 3633 ul
161 3576 230 3624 mem
246 3578 360 3627 tertium.
