2648 4928
422 310 505 380 'De
528 328 673 399 persona
697 310 843 385 Chris&
1112 317 1188 396 629

102 500 204 562 rrunt,
232 489 290 548 nisi
319 489 397 548 serio
417 484 455 547 sd
481 485 750 563 Deum-conuersi,
772 495 978 573 mitigationem
1004 507 1035 558 et
1063 504 1183 580 gratian

103 583 234 653 petrent,
256 582 288 645 ut
308 573 478 650 gravissime
491 572 646 651 Apostolus
665 577 860 638 comminatus.
902 578 976 640 lllud
994 581 1086 661 ipson
1107 588 1182 647 enim

101 653 238 717 seducant
263 654 435 734 bibuntque,
466 654 503 715 de
531 675 587 736 quo
612 654 704 718 Filius
731 657 790 720 liei
815 661 845 721 in
870 663 967 724 uerhis
996 664 1183 729 institutioni:

101 750 174 801 serto
194 740 331 800 affirmat:
352 738 501 817 Accipite,
523 738 683 813 comedite,
709 740 764 803 hoc
786 752 830 802 est
851 763 954 825 eorpus
976 766 1083 823 mcum,
1104 752 1181 831 quod

101 843 121 883 o
139 823 219 884 vohis
241 821 373 883 traditur.
417 823 506 882 ltem:
530 821 627 884 Bihitc
650 842 687 885 ex
704 823 757 886 hoc
775 845 886 899 omnen,
904 828 961 890 llic
981 831 1056 891 calis
1076 854 1180 898 novum
1224 840 1227 865 ¹

101 916 278 968 ostimentum
300 907 393 965 estin
415 925 479 966 meo
502 906 652 985 sanguino,
674 910 722 988 qui
742 929 795 989 pro
809 910 891 972 vohis
906 912 1069 976 edunditur.
1112 916 1178 980 lloc

101 991 151 1053 :ite
172 992 201 1050 in
221 992 278 1051 mei
298 990 603 1051 commemorationem.
916 1010 925 1027 ·

147 1072 230 1135 lianc
252 1075 441 1153 perspicuam,
464 1073 621 1153 simplicem
643 1084 672 1134 et
698 1072 810 1153 planam
837 1080 1005 1142 sententiam
1026 1100 1090 1145 cum
1111 1082 1177 1145 ver·
1303 1124 1308 1131 ·

101 1154 325 1229 tinstitutionis,
348 1157 487 1237 aquibus
509 1158 537 1215 in
559 1158 653 1218 nativo
663 1157 827 1219 Testatoris
847 1179 933 1222 sensu
950 1183 987 1223 ne
1007 1164 1092 1226 lstnrn
1114 1170 1176 1246 qui·

101 1260 132 1301 rs
148 1260 268 1321 unguens
291 1240 373 1300 nohis
393 1238 566 1301 deilectcndi
579 1241 690 1301 animus
707 1253 764 1315 est,
786 1262 857 1305 vere
878 1263 1038 1325 congruere
1059 1251 1175 1313 minimo

100 1324 235 1387 hitsmus.
278 1322 407 1404 Cumque
428 1325 458 1383 in
479 1325 581 1384 nullius
601 1334 750 1387 creaturae
771 1327 810 1386 sit
818 1337 972 1407 potestate,
995 1331 1175 1395 sacramenti

100 1406 283 1480 liastitntio,
315 1408 360 1468 vel
381 1408 556 1480 immutatio,
587 1409 689 1471 merito
716 1428 770 1469 nos
798 1410 945 1473 shstinore
972 1412 1129 1477 indicamus
1154 1438 1174 1479 s

100 1491 182 1553 uisos
200 1493 366 1552 curiositate
386 1502 503 1572 praetor
534 1502 564 1551 ct
591 1502 672 1553 extra
701 1491 817 1554 verinum
846 1495 892 1555 vel
906 1496 1100 1577 ¹inquirendi,
1128 1503 1174 1562 uel

100 1572 215 1637 finiendi
235 1574 363 1648 modum,
392 1595 447 1655 quo
468 1574 550 1634 nohis
572 1594 652 1634 suum
674 1574 766 1637 Filius
785 1575 845 1637 liei
870 1596 974 1659 eorpus
994 1583 1173 1662 sanguinem·

100 1674 125 1719 ο
141 1661 334 1732 communicat,
362 1659 403 1718 ita
429 1669 460 1717 ut
480 1659 580 1718 liumus
607 1677 674 1719 caro
695 1657 732 1719 de
752 1679 840 1723 mnne
861 1660 938 1735 eius,
960 1674 991 1723 et
1013 1684 1048 1724 os
1067 1683 1104 1737 ex
1126 1686 1173 1727 os-

100 1758 145 1801 sus
161 1744 241 1814 eius,
263 1744 338 1821 sient
364 1740 528 1802 dulcissime
555 1741 647 1821 inquit
662 1742 814 1807 llilariusa
840 1741 958 1805 Domini
977 1748 1170 1826 professione,

101 1822 169 1887 ste
196 1837 313 1899 nostra,
343 1844 413 1886 sere
445 1844 513 1885 caro
541 1836 587 1885 est
612 1836 642 1884 ct
670 1828 803 1905 sanguis:
832 1827 972 1908 llaccqne'
998 1822 1117 1911 ioeopts
1142 1843 1173 1895 et

100 1917 179 1983 ssu,
199 1911 307 1972 iaciunt
327 1921 359 1969 ut
383 1908 515 1969 Christus
547 1910 576 1968 in
598 1909 697 1982 nohis,
724 1921 756 1971 et
785 1930 838 1972 nos
865 1911 896 1971 in
923 1910 1040 1974 Christo
1067 1916 1167 1975 simus.

99 1988 144 2050 nis
159 1994 251 2075 petius
273 1992 377 2053 Filium
398 1991 457 2052 Dei
476 2012 620 2071 rogamus,
644 2002 675 2052 nt
695 1992 863 2074 shcrrantes
886 1994 965 2056 circs
995 1995 1050 2057 hoc
1073 2017 1170 2058 sacro·

100 2082 187 2139 fldem
207 2079 371 2159 mysterium
395 2077 551 2138 clementer
571 2077 601 2136 in
613 2078 688 2138 siam
700 2076 830 2150 reducat,
852 2089 883 2139 et
902 2079 990 2140 iaciat
1009 2100 1063 2141 nos
1083 2101 1169 2143 unum

118 2174 232 2243 torpore
254 2180 324 2221 suo:
349 2163 423 2220 sicut
444 2163 500 2219 iam
646 2222 649 2227 ,

99 2244 158 2304 ΙΙΙ
178 2264 250 2305 nnus
272 2245 353 2323 panis
375 2255 404 2304 et
425 2263 510 2303 noum
536 2260 639 2321 corpus
661 2241 739 2303 multi
761 2263 877 2315 snmus,
908 2242 945 2304 de
966 2264 1023 2306 nno
1050 2265 1123 2327 pane

200 2325 358 2409 eodemque
390 2327 481 2389 calice
508 2326 720 2406 participantes.
764 2326 805 2387 Et
834 2327 1023 2407 improbemus
1142 2397 1145 2409 Ι

483 2428 566 2470 socos
588 2406 735 2471 docentes.

373 2643 431 2707 DE
454 2560 648 2704 Ριῐιίὃιξιιιιὶι
667 2641 842 2703 ClilllSTl.

131 2741 210 2807 Cum
239 2765 307 2805 vera
334 2746 451 2805 Domini
478 2747 567 2804 nostri
596 2745 660 2804 lesu
687 2744 797 2803 Christi
826 2745 946 2822 ¹agnitio,
969 2763 1042 2824 quac
1065 2744 1165 2807 innds·

98 2826 179 2890 utun
200 2841 245 2889 est
265 2828 415 2890 Ecclesiae
440 2840 454 2891 l
478 2828 610 2887 Corinth.
635 2837 665 2890 3.
688 2838 718 2886 et
739 2828 801 2906 ipss
822 2828 880 2888 sita
902 2840 1035 2901 aeterna,
1063 2828 1162 2889 lohan.

120 2915 333 2994 complectatur
363 2914 444 2972 simul
466 2913 535 2971 Filii
561 2912 620 2970 Dei
649 2929 797 2991 personam
827 2920 858 2970 et
884 2911 1024 2983 olliciom,
1050 2913 1165 2975 sineere

98 2978 140 3050 ¹0
166 2996 320 3068 credimus,
344 3008 372 3057 ct
393 2997 470 3055 clara
490 3014 560 3054 voce
581 2996 756 3074 profitemur,
778 2992 911 3073 quicquid
933 2994 1015 3054 nohis
1032 2991 1069 3055 de
1089 2996 1166 3055 eius·

98 3086 104 3123 ¹
131 3084 194 3142 hm
219 3101 353 3161 persono,
374 3101 456 3159 quam
476 3079 580 3149 officio,
604 3079 755 3158 perspicuo
771 3079 862 3137 uerbo
882 3075 939 3138 hei
960 3079 1166 3159 praescriptum

98 3165 259 3226 'evelstnm
281 3176 335 3224 est.
381 3165 481 3223 Ohviis
508 3164 582 3222 euim
613 3163 686 3222 ulnis
717 3171 747 3221 et
775 3161 910 3221 amhshus
936 3161 1085 3233 nsnihus,
1107 3164 1164 3222 imo

121 3258 226 3311 nense
247 3260 276 3308 et
303 3247 390 3308 corde
418 3248 611 3326 amplexamur
632 3246 758 3323 regulam
779 3245 856 3304 omni
886 3246 1054 3324 exceptione
1077 3247 1165 3305 maio·

102 3356 118 3387 s
152 3351 226 3413 quse
252 3330 353 3391 docet:
389 3331 470 3390 Nihil
499 3327 535 3389 de
564 3327 623 3390 Dei
657 3331 718 3389 sive
745 3329 888 3400 essentia,
922 3330 983 3390 sive
1005 3329 1163 3401 voluntate,

98 3416 142 3468 ΕΟ
171 3417 235 3476 cios
261 3416 357 3486 Filio,
385 3414 508 3474 Domino
536 3425 633 3474 nostro
661 3412 728 3474 lesu
750 3410 886 3483 Christo,
909 3411 955 3472 vel
977 3410 1162 3485 eredendum,

109 3497 337 3560 usescrandum
360 3516 437 3570 esse,
460 3495 534 3578 quod
554 3518 571 3557 a
584 3516 685 3558 sacrae
699 3496 864 3576 Scripturae
877 3492 995 3557 Conone
1007 3495 1161 3576 discrepet.

130 3576 304 3645 {detinemus
331 3584 420 3661 igitur
448 3592 546 3641 sancta
575 3594 605 3641 ct
632 3581 769 3660 religiosa
796 3577 880 3657 lide..
899 3580 986 3639 totius
1011 3579 1164 3643 Ecclesiae

97 3644 218 3753 {meso
247 3678 277 3728 et
305 3666 479 3727 orthodoxae
501 3684 686 3724 eonsensnmz
710 3665 860 3734 nimirum,
887 3665 996 3723 unicam
1018 3682 1085 3725 esse
1101 3660 1165 3722 no-

97 3750 122 3797 '1
141 3753 232 3812 nostri
254 3751 320 3811 lesu
343 3751 452 3810 Christi
475 3768 643 3830 personam,
668 3745 718 3807 sed
741 3745 810 3806 duas
833 3756 969 3818 naturas,
994 3745 1116 3806 divinam
1134 3757 1165 3805 et

97 3832 210 3899 *tuam
253 3833 372 3906 Divina,
394 3829 485 3916 λόγος
504 3834 658 3902 nomiatnr,
680 3848 752 3910 quae
765 3848 834 3889 vere
855 3829 891 3889 ah
909 3843 1028 3890 aeterno
1039 3848 1164 3908 persons

122 3911 251 3981 daniaco
280 3940 298 3979 a
321 3918 409 3980 Patre
435 3930 465 3979 et
484 3917 594 3997 Spiritu
620 3924 729 3983 sancto,
752 3922 892 3973 ettamen
915 3913 1042 3991 einsplcm
1062 3931 1166 3973 essen·

97 4001 193 4063 ⁸cunr
216 4003 304 4062 Patre
326 4013 354 4060 et
376 4005 485 4082 Spiritu
504 4012 620 4060 sancto:
644 3999 689 4075 qui
712 3996 819 4068 Pater,
847 3990 953 4077 λόγος,
984 4009 1014 4057 et
1039 3996 1164 4075 Spiritus

97 4085 189 4160 tetus,
212 4096 362 4166 estsuper
384 4089 479 4149 omnia
499 4084 600 4156 Deus,
632 4101 705 4141 unus
733 4083 763 4140 in
785 4082 948 4152 essentiae,
971 4090 1001 4140 et
1020 4081 1111 4140 trinus
1133 4079 1164 4138 iu

96 4170 196 4246 tusis,
218 4169 385 4231 benedictus
406 4173 435 4232 in
458 4170 565 4230 secula.
611 4163 670 4225 Sed
689 4165 809 4226 humsns
828 4175 926 4225 nators
945 4175 1024 4224 certo
1036 4175 1164 4241 tempere

96 4258 177 4316 'tnta
197 4264 243 4316 est
261 4274 279 4314 s
295 4248 377 4343 λόγῳ
397 4275 436 4316 ex
457 4254 585 4336 Deipara
613 4251 723 4329 virgine
743 4247 840 4312 hiscis
846 4290 859 4335 ‚2
890 4247 971 4309 nohis
997 4267 1051 4327 per
1069 4246 1165 4308 ensis

96 4338 195 4420 pastis,
212 4350 337 4419 eccepto
360 4350 489 4422 peceato.
802 4372 807 4383 ·
