2648 4928
509 273 692 349 Psaotutio.
803 373 809 388 ι
1078 279 1156 363 775

83 476 156 521 uera
175 473 308 518 asserere
325 454 457 517 aalemt.
499 458 562 519 lam
582 476 636 518 nos
663 454 803 531 adum
822 475 873 520 aas
894 455 971 523 nba'l
987 457 1088 525 molari
1104 483 1153 526 oo·
1190 453 1196 464 “

83 562 147 616 sus,
171 543 262 602 donee
282 541 408 618 c‘psornm
435 556 525 599 causa
552 538 636 601 nobb
664 542 839 620 comportior
854 540 952 623 fimet
965 540 999 607 e't
1015 547 1152 626 wplora·

83 668 100 698 ,
122 622 256 706 maforte
279 625 308 683 in
328 623 598 702 Deipraeceptum,
621 625 786 703 proximum
810 638 966 705 perperam
996 631 1151 711 almique

83 712 208 780 emtas,
239 716 294 767 aut
312 706 391 766 illisa
409 704 491 787 salsi
507 707 707 768 criminatores
725 706 827 787 saon‘,
848 710 941 772 eustos
960 711 1023 773 uso
1037 731 1150 793 poenas

83 812 180 855 emm.
645 813 649 826 ·
710 805 718 812 ·

107 877 232 939 Adbaeo
250 894 313 935 cum
327 873 485 935 videremus
500 875 578 940 inter
592 875 758 936 sacerdotes
774 875 852 955 ipsos
865 878 952 938 enam
965 877 996 939 in'
1013 879 1148 941 mama

83 979 104 1021 e
132 960 294 1031 conuenire,
318 967 349 1018 et
364 963 570 1037 eorum'atque
595 959 787 1040 adeopopub’,
809 961 913 1021 multos
931 961 1033 1040 iamim
1050 964 1145 1025 cultus
1186 964 1188 969 ’
1274 962 1277 968 ’

83 1041 197 1104 subb'oo
216 1052 248 1124 et
263 1039 416 1121 manifesto
424 1043 548 1125 flugcb'a
572 1043 655 1103 nullo
674 1043 880 1104 Ecclesiastico
903 1034 1057 1125 dbcspb’rm
1076 1063 1143 1106 cor·

83 1131 106 1188 's
134 1128 233 1187 coacti
252 1145 365 1197 sumus,
404 1134 438 1185 ut
456 1127 534 1205 ipsos
549 1124 669 1207 fratres
693 1125 910 1200 accedersmus,
931 1145 968 1188 ac
987 1128 1024 1189 de
1042 1147 1142 1190 eorum

83 1212 161 1273 &sita
182 1220 212 1270 et
231 1211 372 1287 reb'gcono
385 1211 631 1289 perquireremus,
651 1230 709 1271 non
729 1210 765 1270 ob
782 1211 883 1282 ab'ud,
906 1229 991 1291 quam
1013 1214 1141 1282 utula-
1199 1239 1203 1255 ν
1307 1232 1315 1249 “

94 1303 128 1355 et
139 1295 380 1354 consonentiarum
390 1312 506 1372 paoem,
522 1293 575 1353 ubi
582 1294 636 1354 ubi
643 1294 757 1354 tandem
767 1294 801 1353 id
802 1313 862 1374 per
871 1295 1143 1376 Euangeliomfieri

83 1387 138 1450 τι,
159 1394 407 1455 consequeremur.
453 1377 638 1437 Conuenimm
652 1378 751 1457 itaque
770 1397 832 1450 eos,
852 1395 889 1440 ao
902 1379 996 1439 omnia
1016 1379 1139 1460 napea

96 1462 297 1541 aphraates,
335 1478 474 1539 quaenam
495 1458 583 1541 soret
604 1479 704 1520 eorum
729 1461 864 1522 docmina
888 1461 992 1539 reb'm’o
1019 1463 1080 1522 m'la
1107 1471 1140 1523 et

83 1545 222 1618 sersatsb,
253 1563 287 1602 re
310 1544 373 1622 ipsa
396 1546 580 1623 espmmur,
610 1545 718 1605 nullam
748 1562 847 1605 ansam
875 1544 956 1604 boati
971 1545 1137 1625 praebitam

83 1666 100 1699 ,
121 1637 155 1688 ut
171 1628 225 1687 bas
244 1626 279 1686 de
296 1627 367 1706 apsis
384 1627 535 1706 tragedias
553 1629 714 1699 mount,
741 1628 871 1707 ns‘bilqus
884 1645 1023 1707 prorsum
1044 1629 1076 1702 in
1094 1630 1138 1688 eis

83 1729 154 1784 nus,
178 1728 234 1790 quo
250 1711 351 1770 merc'to
371 1711 445 1770 mala
464 1711 568 1772 audbe
588 1719 710 1791 possent
731 1710 779 1772 ool
807 1711 948 1772 incusari.
993 1712 1138 1791 conpert-

100 1795 167 1855 item
187 1804 334 1854 eteorum
359 1794 537 1867 doctrinm,
559 1796 746 1873 religionem,
774 1803 919 1874 totamque
937 1792 1052 1856 moendi
1062 1794 1135 1875 sor-

83 1895 115 1950 ι,
141 1877 253 1938 ncbc'la
279 1877 373 1936 sacris
390 1878 564 1949 canonibus,
593 1886 647 1938 aut
663 1879 826 1958 prirnitismo
853 1877 1004 1939 manne
1019 1879 1134 1939 ritune

83 1962 185 2041 aplnri
198 1962 333 2020 recedere
357 1971 416 2021 'out
438 1962 560 2042 dceflccd.
600 1963 715 2022 lauanti
730 1971 800 2023 scunt
813 1969 970 2040 praeterea
991 1960 1074 2022 nobis
1089 1961 1134 2021 in·

83 2062 135 2104 eos
156 2053 282 2123 quotuor
300 2045 347 2101 illi
360 2045 497 2118 articuli,
521 2062 640 2123 qnorum
659 2047 761 2122 gratia
781 2054 891 2104 ueteres
909 2046 941 2106 in
957 2047 1055 2123 legno
1074 2045 1132 2104 uo·

83 2128 145 2199 iae,
176 2146 240 2187 cum
260 2127 395 2187 llomanis
418 2136 490 2205 post
512 2127 617 2186 multas
634 2128 748 2187 tandem
774 2127 998 2206 disputationes,
1016 2128 1132 2206 groms-

83 2228 95 2273 t
119 2211 193 2273 bella
217 2218 390 2289 gesserunt,
424 2227 550 2288 quosque
571 2210 603 2269 in
627 2210 942 2288 Synodo'llasiliensi,
970 2228 1077 2289 magna
1102 2212 1135 2271 ui

83 2292 210 2359 simma
224 2312 260 2353 ac
277 2292 469 2355 obtinuerunt.
510 2292 626 2363 Pramo,
648 2293 831 2373 &spamam
856 2310 989 2363 sacram,
1010 2311 1029 2352 a
1047 2293 1131 2352 mnni-

83 2378 238 2439 somuibus
250 2421 261 2451 ,
287 2374 484 2435 sacerdotibus
509 2393 545 2434 ue
566 2376 696 2449 lenton,
721 2376 763 2435 ad
785 2376 820 2435 id
837 2376 1041 2437 Ecclesiastico
1068 2376 1130 2436 rn'lu

83 2460 161 2522 haas
178 2481 236 2520 non
255 2460 392 2519 admistis
407 2459 539 2517 humanis
546 2459 715 2537 figmentis,
737 2458 942 2519 traditionibus
954 2467 1007 2518 unt
1021 2457 1131 2519 doetri-
1199 2471 1207 2487 ⁸

113 2545 165 2604 sed
185 2564 263 2624 pure
290 2563 326 2601 oc
362 2562 480 2620 syncere
507 2541 611 2620 ubique
634 2542 859 2620 praedicandam
888 2561 961 2603 esse.
1016 2542 1130 2603 Deinde

83 2645 167 2708 mque
186 2629 305 2706 spectem
325 2626 522 2697 Sacramenti,
547 2627 719 2705 corporiset
733 2624 884 2704 songntrbts
901 2625 1022 2699 Cbrt'sti,
1042 2624 1132 2685 iusta

83 2729 107 2771 ts
125 2713 353 2770 constituteoncm
375 2720 406 2768 ct
422 2709 605 2781 mandatum,
637 2719 672 2769 ut
692 2708 942 2782 osaoerdotsbus,
965 2709 1008 2770 ita
1024 2728 1043 2769 a
1061 2725 1127 2781 cae·

83 2792 248 2865 comnibus,
272 2793 519 2852 ondcscriminotim
541 2812 579 2851 es
602 2811 692 2871 aequo
714 2794 791 2852 wmi
811 2802 955 2871 oportere.
998 2794 1127 2871 Eamque

83 2878 214 2949 immas,
250 2896 333 2955 quarn
364 2886 607 2954 transgressorem
631 2875 782 2936 uerborum
806 2875 919 2938 Cbristi
936 2874 1055 2945 baberi,
1078 2877 1131 2952 qui

84 2970 208 3040 utroque
227 2962 320 3038 spccc‘c
337 2962 569 3019 communicaret.
615 2961 712 3019 Tertio
727 2958 845 3037 publicu
862 2968 894 3018 et
907 2957 1126 3038 mnnffcstasta-

83 3063 102 3117 ι,
124 3046 153 3103 in
175 3044 300 3123 qcrob‘bct
317 3044 458 3102 borninum
474 3053 553 3102 statu
572 3042 775 3103 etconditsone
786 3042 941 3103 secundum
954 3043 1127 3119 Scripturas

83 3129 165 3199 olom,
195 3128 271 3206 quod
286 3128 400 3203 corrigi
421 3126 546 3186 debeant
562 3135 593 3185 et
612 3127 710 3203 argui.
758 3128 905 3187 Postrem
930 3125 1007 3205 quod
1026 3142 1126 3183 sacer·
1214 3124 1217 3131 '

83 3230 238 3280 m.munus
266 3212 305 3269 sit
330 3211 500 3269 concionari
519 3219 550 3269 et
568 3209 689 3280 docere,
715 3227 773 3270 non
787 3209 918 3269 seculari
934 3208 1017 3268 modo
1034 3207 1125 3266 domi·

83 3296 94 3368 ',
117 3305 170 3355 aut
185 3295 324 3371 imperto,
355 3293 475 3351 ditiones
499 3303 529 3352 et
549 3294 732 3373 principatus
748 3292 910 3373 possedere,
931 3292 984 3353 sed
999 3310 1060 3352 esse
1075 3289 1126 3350 de·

83 3381 154 3438 stin
178 3377 269 3454 offero
295 3396 363 3448 suo,
392 3377 468 3453 quod
481 3386 525 3436 cst
543 3377 727 3455 praedicatio
748 3377 908 3455 Evangelii.
950 3374 1030 3455 liaeo
1049 3373 1126 3435 bona

83 3470 134 3522 uer
156 3463 244 3520 multu
269 3462 329 3519 ulia
353 3461 479 3538 plurimo
508 3461 586 3519 n'nter
600 3460 721 3541 scotres
738 3461 908 3540 reperimus.
953 3461 1051 3538 Quare
1067 3478 1125 3518 non

83 3567 87 3599 .·
110 3546 217 3603 mirari
235 3553 416 3622 poteramus,
441 3561 497 3622 quo
524 3543 608 3603 rabie
623 3555 655 3604 et
662 3541 758 3625 furc‘c's
772 3541 961 3625 aclisorent,
983 3546 1036 3623 qui
1052 3543 1126 3604 adeo

83 3647 118 3688 ro
134 3648 171 3688 ac
191 3628 376 3705 impotenter,
406 3638 463 3687 tom
488 3626 576 3686 bonos
592 3629 670 3687 mbos
694 3630 756 3688 suis
772 3627 932 3688 maledictis
945 3627 1123 3707 impeterent.

101 3714 171 3773 Cum
188 3712 281 3789 egitur
301 3711 451 3788 religionis
480 3711 594 3771 illorum
619 3711 756 3791 dogmata
780 3732 818 3771 en
842 3712 996 3792 scripturis
1018 3711 1124 3779 sacrus,

83 3815 119 3856 on
134 3796 275 3854 bominum
299 3795 462 3855 commentis
480 3813 558 3867 osse,
586 3802 616 3853 et
632 3813 749 3856 manem
767 3795 944 3868 rideremus,
966 3796 1024 3855 uo·
1047 3793 1126 3853 beni-

83 3890 130 3940 ate
153 3877 287 3960 effectum
321 3887 382 3950 est,
422 3888 457 3937 ut
481 3897 534 3938 nos
559 3878 588 3937 in
618 3880 744 3958 ipsorum
774 3881 942 3940 sententium
977 3877 1122 3936 oberimus.

83 3964 253 4042 upliigitur
277 3980 373 4019 sumus
398 3962 514 4020 illorum
535 3962 705 4043 Ecclesiae,
727 3971 758 4023 et
782 3964 861 4023 ilb'us
875 3961 993 4040 gratiae
1013 3961 1126 4019 unber-

83 4065 167 4125 mquo
195 4045 331 4105 bonorum
353 4047 512 4123 participes
526 4043 617 4126 sacti.
657 4048 719 4107 Nee
739 4065 793 4106 nos
801 4045 960 4125 fugiebat,
981 4062 1055 4123 quae
1071 4044 1129 4121 ipsi

83 4131 157 4189 idam
185 4130 329 4199 tulerant,
360 4138 390 4187 ct
407 4129 501 4187 adbuc
522 4127 647 4206 ferrent
672 4131 769 4205 mala,
789 4147 842 4188 nos
858 4149 915 4190 non
943 4128 1036 4187 menses
1059 4126 1125 4185 olim

83 4235 113 4272 m
135 4214 258 4274 laturos.
304 4212 363 4289 Sed
381 4213 435 4271 boe
452 4213 528 4272 nc'bil
546 4211 748 4286 morabamur,
771 4213 919 4272 audoentes
938 4229 994 4272 non
1016 4220 1126 4272 tantum

83 4299 125 4361 ini
142 4296 222 4371 dori,
244 4307 277 4359 ut
300 4295 490 4357 mero‘stum
514 4296 635 4381 madal,
655 4296 707 4358 sed
724 4307 758 4359 ut
772 4297 857 4357 otiam
871 4315 929 4379 pro
959 4293 1009 4354 illo
1027 4294 1126 4376 patia-
