2648 4928
381 268 384 273 ’
432 289 514 371 ,ιι
538 244 767 381 menonem
1067 292 1142 373 ιιι

99 483 192 528 onem
202 466 343 540 nancisei,
358 463 410 528 seul
421 475 496 528 totus
507 466 778 545 afflictissimus-est,
794 472 894 551 spiritu
904 468 1016 537 deiecto
1027 494 1062 537 ee
1076 487 1134 539 tre-

101 551 1133 634 te,etingentihorroreconcussus,aeonepectuhaessei,utssarirlde

99 645 126 695 t.
169 633 310 708 Quoniam
331 656 386 696 non
408 646 453 694 oet
472 636 579 695 sanitss
598 637 629 696 iu
648 655 737 698 cerne
753 657 834 712 mea,
861 651 981 719 proptor
1001 642 1141 723 indigna:

99 738 128 779 m
149 729 236 777 tuam.
280 716 350 778 Non
369 729 415 778 est
428 718 608 798 pnxossihns
622 720 705 791 meis,
724 732 843 803 propter
860 733 1008 801 peceatum
1025 745 1129 788 meum.
1198 742 1202 750 '

99 821 116 839 ·
136 801 229 860 iaetus
257 821 340 873 sum,
371 811 401 863 et
422 811 554 861 curvatus
582 822 644 864 snm
672 804 775 876 nimis,
802 814 860 864 tota
881 803 928 865 die
947 808 1131 870 contristatus

99 883 214 945 nliehar.
257 885 374 945 Interim
396 881 510 957 docent,
531 905 569 946 ne
585 887 629 946 sic
639 888 779 967 pavefacti
792 898 823 947 et
843 888 936 949 territi
956 886 1129 972 desperent:

99 978 122 1027 ιι
142 968 177 1028 at
197 966 290 1028 Deum
312 977 372 1027 tctn
397 964 484 1029 corde
505 967 640 1047 redeant,
672 981 702 1030 ιι
727 969 783 1033 flue
807 971 838 1032 in
864 970 1028 1047 Christum,
1055 996 1128 1057 quae

99 1070 215 1131 quoque
237 1052 429 1131 poenitentiae
457 1063 519 1113 est:
549 1052 775 1114 misericordiam
797 1054 1011 1134 apprehendant
1031 1054 1128 1121 dolen·

99 1153 127 1195 ιι
148 1152 304 1213 peccasse:
328 1133 395 1195 Etsi
414 1136 489 1195 enim
517 1137 593 1195 omni
621 1137 728 1197 iustitia
748 1139 830 1198 vacui
853 1139 921 1210 sint,
942 1136 1066 1201 divinem
1084 1154 1128 1203 ta·

99 1219 222 1296 gratiam
244 1228 275 1278 et
294 1217 472 1279 elementiam
488 1219 651 1298 implorent,
673 1230 705 1280 ut
724 1221 781 1283 sihi
802 1221 872 1300 ipsis
893 1222 1073 1296 misereatur,
1096 1238 1129 1286 et

105 1312 134 1361 ta
145 1300 287 1361 condonet
297 1300 567 1382 propterChristum
578 1303 696 1383 eiusque
710 1305 853 1378 meritum,
867 1305 914 1383 qui
929 1315 1026 1367 nostra
1039 1316 1126 1370 eausa

99 1403 107 1443 ι
127 1394 172 1444 ιιι
190 1394 337 1463 peccatum
358 1396 388 1446 ιι
413 1385 608 1462 maledictum,
642 1397 673 1447 ut
692 1406 745 1468 pro
764 1388 892 1467 peccetis
914 1390 1020 1451 nostrie
1040 1390 1125 1453 lusti·

99 1465 150 1527 oei
171 1468 372 1529 satisfaceret..

99 1552 224 1631 Suntque
252 1551 294 1611 sic
323 1552 454 1626 affectis,
486 1550 601 1613 diuinae
626 1554 830 1633 promissiones
851 1551 1047 1615 inculcandae.
1092 1556 1125 1618 1n

99 1633 271 1695 rihntatinnis
303 1645 368 1695 tuae
393 1637 495 1697 invoca
515 1656 581 1708 me,
605 1636 726 1716 eripiam
752 1647 783 1697 te
810 1646 840 1697 et
863 1636 1039 1716 glorificabis
1063 1658 1129 1702 ιιι.-

99 1735 144 1777 ιιι
163 1719 355 1796 ριιιίιιιιίιι
376 1719 514 1794 formam,
540 1739 594 1800 per
613 1738 696 1780 omne
716 1720 791 1781 ritae
815 1729 946 1800 tempus,
969 1741 1032 1782 cum
1052 1742 1123 1801 opus

100 1801 182 1878 oneri
204 1800 318 1861 docent.
361 1800 423 1862 Eos
444 1804 542 1876 etiam,
563 1803 610 1882 pei
631 1804 675 1863 sic
694 1804 880 1883 resipiscunt,
908 1800 1025 1876 elocent,
1048 1806 1123 1887 quau

99 1882 216 1944 Esaiam
245 1885 378 1965 scriptum
406 1897 472 1961 est,
500 1897 532 1945 ιιι
560 1885 693 1947 desinant
720 1905 857 1966 perverse
878 1905 987 1965 agere,
1010 1885 1123 1950 discant

99 1967 307 2028 'benefacere
350 1967 430 2029 lelem
457 1980 487 2030 et
514 1969 636 2030 loannes
660 1988 830 2049 praecursor
850 1968 981 2031 Domini.
1020 1970 1122 2035 Facite
1185 1980 1188 1985 ’

99 2051 130 2131 t)
150 2050 252 2128 dignos
276 2052 385 2111 tructus
406 2053 610 2130 poenitentiae.
655 2049 796 2113 Consistit
816 2063 910 2113 autem
933 2054 963 2115 in
986 2054 1041 2115 hoe
1062 2076 1122 2115 mn·

103 2135 291 2213 poenitentia,
314 2143 346 2192 ιι
365 2135 551 2194 mortificetur
578 2144 661 2199 retus
682 2134 782 2207 homo,
810 2154 845 2195 ac
874 2135 1035 2216 deponatur
1055 2156 1121 2198 cum

106 2226 139 2277 et
166 2218 404 2297 concupiscentiis
433 2218 513 2287 suis,
541 2215 728 2297 indueturque
757 2237 866 2289 notus,
894 2220 942 2301 qui
963 2220 1120 2283 secandum

120 2311 236 2360 creatus
257 2310 313 2362 ert.
358 2298 546 2360 colossenses
569 2300 666 2359 tertio.
906 2322 908 2327 ⁴

99 2383 188 2445 ¹tidem
209 2383 323 2455 docent,
346 2394 378 2443 nt
407 2384 585 2463 poenitentes
607 2379 793 2443 Sacerdotem
813 2380 965 2456 accedant,
986 2396 1121 2463 peccau-

99 2487 141 2527 us
167 2466 232 2527 Deo
255 2468 311 2546 ipsi
339 2487 435 2528 coram
466 2467 514 2525 iiio
537 2466 743 2538 confiteantur,
765 2467 878 2528 ιιιιιιιί
897 2486 958 2525 non
979 2468 1120 2548 praecipi·

99 2570 182 2630 aeque
204 2552 343 2629 exigimus
366 2551 607 2610 enumerationem
629 2559 826 2627 penestarum,
853 2549 1001 2611 consitium
1023 2560 1119 2611 nutem
1243 2626 1246 2633 Ι

99 2653 172 2713 nque
192 2634 299 2694 vitandi
315 2645 449 2714 peccata,
480 2644 508 2693 ct
536 2654 587 2713 per
613 2633 709 2692 cinvcs
736 2631 886 2694 Ecclesiae
912 2632 1118 2695 ahsolutionem

99 2738 127 2781 to
148 2728 264 2797 petant,
286 2730 316 2777 ut
337 2719 534 2778 remissionem
552 2727 751 2795 peccatorum,
775 2735 827 2796 per
847 2714 1007 2777 huiusmodi
1034 2718 1117 2778 mini·

99 2821 136 2873 m,
158 2803 200 2862 sic
220 2821 237 2860 a
258 2800 374 2861 Christo
395 2802 564 2871 institutum,
588 2809 809 2879 consequantur.

104 2897 159 2944 tem
179 2883 317 2944 docentur
339 2885 481 2957 homines,
503 2895 534 2942 ut
553 2883 756 2944 ahsolutionem
779 2882 874 2961 magni
899 2882 1024 2956 iaciant,
1051 2903 1115 2944 cre·

99 2988 126 3027 ιι
146 2966 302 3028 indubitate
332 2970 412 3041 fieri,
441 2966 516 3048 quod
544 2986 597 3047 per
625 2967 720 3026 claues
746 2966 939 3047 promittitur,
966 2985 1030 3027 eum
1059 2987 1115 3027 uox

101 3053 111 3110 i
134 3052 182 3122 sit,
205 3061 233 3111 et
254 3051 384 3112 mandato
405 3053 468 3112 eius
485 3070 632 3129 expressa,
654 3049 789 3109 lobannis
805 3050 959 3128 vigesimo:
980 3048 1114 3130 Accipite

99 3155 138 3194 nm
162 3145 301 3207 sanetum,
322 3137 370 3279 ppi
391 3136 558 3196 remiseritis
580 3143 697 3213 peccata
717 3142 774 3193 etc.
817 3132 973 3212 Seinntque
993 3132 1113 3193 clavium

99 3239 110 3278 e
135 3219 304 3292 ministerio,
355 3219 491 3301 tristique
511 3219 662 3279 autoritate
683 3216 847 3290 uerborum,
866 3215 1025 3277 eihiomnis
1044 3234 1112 3297 pee-

99 3300 254 3361 enhonari.

99 3386 198 3444 tacent
217 3385 315 3456 etiam,
338 3382 495 3459 absolutos,
517 3383 547 3449 id
566 3396 623 3458 est,
644 3383 811 3466 quihuspcr
830 3380 977 3444 Christum
993 3391 1114 3462 peccata

101 3488 120 3526 a
142 3479 219 3542 sunt,
242 3479 274 3528 ιι
293 3468 403 3547 gratiae
424 3467 502 3541 Dei,
525 3471 554 3528 in
576 3469 692 3530 Christo
711 3477 863 3549 acceptae,
885 3466 960 3545 grati
979 3466 1053 3538 sint,
1073 3484 1112 3526 ne

99 3572 151 3610 ium
178 3551 421 3631 eamrenipiant,
449 3571 505 3612 neu
525 3555 609 3612 etiam
634 3554 664 3613 in
685 3562 804 3634 peccata
822 3549 1005 3620 relabantur,
1032 3548 1112 3609 iuxta

125 3634 206 3694 Vnde
226 3646 256 3696 et
276 3635 394 3717 posthae
415 3654 451 3696 ne
471 3636 648 3716 peccaveris,
673 3656 709 3697 ne
729 3633 796 3716 quid
815 3632 945 3693 deterius
965 3631 1018 3693 tihi
1039 3651 1109 3691 con·

145 3720 233 3797 Item,
252 3719 286 3780 Si
306 3723 435 3781 retentes
457 3720 690 3799 peccaverimus,
722 3727 785 3799 post
803 3725 948 3797 acceptam
969 3714 1110 3795 cognitio·

99 3803 231 3875 scitatis,
256 3824 312 3864 non
332 3803 404 3862 ultra
435 3823 487 3882 pro
506 3803 632 3878 peccatis
653 3802 761 3880 reliqua
783 3812 829 3860 ιιι
848 3799 955 3882 hostia,
977 3795 1030 3859 ech
1051 3807 1110 3857 ter-

110 3885 246 3963 quacdam
268 3886 444 3966 exspectatio
466 3884 566 3945 iudicii
586 3895 617 3946 et
636 3885 712 3964 ignis
733 3883 923 3945 vehementia.

99 3968 177 4030 itiam
199 3967 314 4037 docent,
335 3968 545 4030 fundamentum
567 3978 598 4029 ot
618 3986 730 4028 omnem
754 3967 888 4029 virtutem
915 3962 1109 4047 poenitentiae

99 4054 147 4111 ito
171 4054 270 4114 mortis
292 4052 400 4113 Christi
419 4054 589 4114 consistere.
631 4049 730 4111 Lucae
749 4051 888 4127 vigesimo
905 4058 1025 4129 quarto,
1056 4045 1107 4105 Sic
1227 4076 1234 4089 x

99 4137 147 4196 bat
175 4134 321 4197 Christum
350 4138 408 4218 pati
436 4147 466 4198 et
497 4153 649 4214 resurgere
675 4152 693 4193 a
720 4134 837 4195 mortuis
870 4132 957 4194 tertia
983 4129 1049 4202 elie,
1077 4138 1109 4188 et

99 4238 164 4281 rare
184 4221 237 4282 suh
258 4221 373 4284 nomiae
393 4222 456 4281 eius
477 4219 677 4300 poenitentiam
695 4236 731 4279 ac
751 4216 948 4285 ιιιίιιίοιιιι
975 4222 1108 4296 peceato·

99 4315 338 4385 emnespeutea.
381 4302 423 4369 Et
433 4305 556 4367 iterum
576 4300 750 4387 ltenipieeite
765 4308 798 4365 et
814 4294 1105 4379 moenem.
