2648 4928
447 314 725 408 mengone
1004 310 1098 391 :uso

87 518 125 559 ns
140 490 195 575 Η)
217 492 301 555 od‘od
317 510 419 554 men
437 502 484 553 est
509 491 564 555 ml
584 495 662 555 coelo
684 495 781 555 dotum
800 496 878 557 daur
896 494 1046 573 iunones,
1066 503 1096 561 in

87 600 125 643 nn
149 588 287 657 oportent
306 595 361 637 nos
379 577 475 637 soiuos
491 576 575 654 fieri.
619 578 767 639 Credamus
792 598 863 656 ergo
882 600 940 658 per
965 586 1096 658 grumum

87 663 188 725 bntht'
204 664 272 723 lesu
285 661 399 721 Christi
413 679 466 720 nos
479 670 622 720 seronem
635 663 685 732 aii,
707 663 796 721 secuti
807 671 837 721 et
851 674 954 739 potres
967 675 1093 725 nostros.

87 744 157 807 in·-
172 756 204 805 et
229 743 336 804 Paulos
361 743 421 815 ait,
455 746 557 804 Omnes
580 753 683 821 potres
714 754 829 803 nostros
857 748 972 806 enodem
1001 768 1096 808 escum
1121 754 1241 803 leonto.
1299 796 1302 807 .

87 827 249 905 pustula·
287 828 399 897 ede'sse,
435 835 465 885 et
501 845 596 885 omues
636 827 756 886 eundem
788 837 888 905 poturo
918 833 1095 907 sprhilcolesn

87 914 191 975 ihesu:
221 908 325 971 bibisse
348 919 448 969 nutem.
465 910 501 968 de
521 910 671 986 spirituali
696 912 758 987 ipos
779 922 966 990 consequente
995 916 1094 984 l'etrn,

87 1000 184 1057 wan
207 1014 275 1055 ocro
304 994 447 1053 chritum
460 988 568 1069 scrisse.
614 990 738 1071 ideoque
769 992 891 1071 legimus
912 1005 942 1053 et
962 996 1096 1058 loannem

87 1080 199 1151 inisse,
223 1078 366 1137 Christum
387 1095 447 1134 esse
469 1094 575 1153 egnum
597 1076 694 1148 illum,
717 1077 770 1154 qui
786 1079 897 1137 occt'sus
917 1081 957 1138 sit
977 1080 1014 1139 uh
1036 1083 1096 1139 ori·
1118 1093 1241 1148 Apoetn.

87 1166 136 1223 iae
163 1161 283 1221 mandi:
311 1170 342 1219 ot
362 1157 518 1238 Baptistam
546 1166 695 1229 testatum,
726 1160 869 1219 Christum
899 1180 960 1221 esse
991 1182 1095 1241 egnum
1118 1185 1216 1231 mmo.

87 1248 144 1307 lu
164 1246 235 1316 Dei,
255 1243 309 1322 qui
326 1244 409 1303 tollut
425 1252 576 1320 peccatum
592 1242 701 1302 mundi
747 1240 831 1302 Unde
852 1241 938 1323 pleno
958 1264 1010 1304 ore
1028 1266 1097 1325 pro-

87 1340 180 1391 teruus
199 1338 231 1388 et
251 1323 463 1405 praedicamus,
488 1324 581 1386 Iesum
608 1322 888 1385 Christum-unicum
910 1346 975 1387 osse
999 1328 1096 1389 muudi

87 1410 279 1492 ademptorem
298 1420 328 1469 et
349 1408 539 1480 salvatorem,
563 1406 674 1486 Regem
696 1419 726 1467 et
741 1408 911 1470 Pontificem
932 1413 1094 1484 maximum,

87 1494 207 1557 iconiam
222 1511 319 1553 verum
334 1503 363 1553 et
377 1503 566 1572 expectatum,
586 1492 661 1550 ilium
676 1493 788 1571 inquam
808 1497 950 1552 sauctum¹
960 1496 991 1574 Β)
1009 1496 1096 1556 hene-

87 1583 185 1652 ειῑιιιι,
207 1596 290 1655 quem
311 1596 411 1636 omues
430 1574 503 1653 legis
526 1575 585 1655 typi
601 1587 631 1634 ct
644 1577 776 1635 vaticinia
792 1576 991 1655 prophetarum
1013 1599 1097 1658 prae-

87 1662 219 1743 guarino
235 1670 318 1738 atque
333 1660 526 1740 promiserint,
548 1656 628 1717 Deos
643 1669 736 1719 nutem
750 1661 926 1740 praestiterit
937 1679 971 1720 nc
987 1663 1097 1723 miserit

87 1752 142 1807 'um
160 1742 266 1815 nohis,
294 1753 325 1801 ut
355 1743 426 1802 niius
450 1762 535 1820 porro
558 1762 613 1800 non
635 1743 672 1800 sit
692 1742 765 1802 nilus
786 1741 868 1802 nohis
890 1744 1093 1823 expectandus.

87 1850 127 1891 ec
148 1836 242 1889 restat
255 1827 310 1886 inm
327 1823 416 1898 alind,
440 1845 521 1904 quom
544 1834 573 1882 ut
590 1845 687 1884 omnes
708 1846 819 1886 omnem
841 1826 959 1905 gloriam
978 1826 1095 1888 Christo

87 1914 234 1983 ihuamos,
254 1906 393 1988 in‘ipsum
415 1907 577 1978 credamus,
600 1919 630 1968 et
649 1909 677 1967 in
699 1909 762 1988 ipso
783 1910 844 1969 solo
865 1912 1093 1990 acquiescamus,
1117 1922 1168 1967 Get.
1183 1922 1208 1967 n

87 1996 195 2057 nnihns
229 1993 312 2071 nttjo
328 1995 404 2052 sitae
437 1989 590 2071 praesidiis
629 1994 734 2069 spretis
771 2002 856 2073 atquo
874 1992 923 2069 ¹⁹)
960 1994 1092 2056 abiectis.

87 2078 139 2140 ἰιι
157 2078 251 2157 gratia
263 2075 320 2135 Dei
341 2073 521 2147 exciderunt,
542 2084 571 2132 ct
588 2072 732 2134 Christum
752 2077 865 2134 inanem
885 2076 938 2135 sihi
959 2076 1090 2150 reddunt,

87 2172 200 2243 rntquot
220 2160 338 2220 odotem
359 2161 388 2218 in
403 2160 457 2217 siin
479 2177 511 2217 rc
536 2156 603 2229 uilo,
628 2177 722 2236 quam,
745 2159 774 2217 iu
797 2178 851 2218 uuo
874 2158 990 2219 Christo
1007 2182 1092 2240 quae·

87 2258 139 2309 mt.
185 2240 225 2303 Et
247 2254 276 2302 ut
297 2244 395 2321 paucis
415 2242 500 2300 muitn
522 2239 604 2299 huius
624 2260 727 2300 causac
747 2239 885 2312 dicamus,
908 2262 1092 2323 quaeeunque
1106 2249 1263 2354 &figmata

87 2328 330 2391 alneumatiouis
353 2324 458 2384 domini
480 2324 569 2382 nostri
589 2322 657 2382 lesu
681 2323 788 2383 Christi
807 2326 955 2404 mysterio,
975 2324 1093 2387 delinita
1128 2369 1233 2421 „m

87 2419 133 2472 snt
150 2431 187 2473 ex
206 2410 357 2488 scripturis
383 2409 509 2478 sanctis,
537 2417 566 2464 ct
587 2407 790 2484 comprehensa
812 2406 946 2487 symbolis
969 2428 1003 2469 ac
1025 2428 1091 2482 scn-

87 2493 166 2555 sotiis
191 2505 309 2574 quatuor
337 2494 487 2571 primorum
510 2500 539 2548 ct
570 2489 875 2568 praestantissimarum
899 2488 1089 2569 Synodorum,

87 2576 271 2639 richmarum
290 2572 411 2646 Nireus,
436 2573 696 2650 Constantinopoli,
718 2572 826 2653 Ephesi
847 2583 876 2631 et
895 2572 1091 2646 Chalcedone,

87 2682 118 2722 aa
139 2681 204 2721 con
231 2660 307 2719 heati
330 2658 477 2736 Athanasij
502 2655 655 2735 Symbolo,
684 2667 715 2715 ct
737 2654 866 2715 omnihus
889 2656 933 2716 his
955 2659 1092 2719 similibus

87 2744 218 2817 intotis,
249 2741 390 2803 credimus
418 2740 504 2800 corde
534 2759 676 2818 synccro,
714 2749 744 2798 et
770 2759 821 2798 ore
849 2739 939 2799 iihero
968 2744 1092 2821 ingenue

87 2830 246 2897 mlitenmr,
275 2825 495 2886 condemnantes
526 2824 620 2881 omnia
649 2823 693 2880 his
721 2824 875 2882 contraria.
928 2824 1023 2904 Atque
1055 2826 1091 2887 ad
1114 2843 1209 2887 sonan

87 2933 138 2971 une
167 2907 278 2971 modum
306 2912 459 2968 retinemus
488 2907 647 2965 inviolatam
670 2908 730 2965 sim
752 2908 890 2983 integram
910 2906 993 2967 fidem
1016 2909 1092 2967 chri·

87 2998 204 3064 ianam,
235 2991 416 3052 orthodonnm
448 3002 533 3070 atquc
562 2989 749 3048 catholicam:
780 2990 905 3049 scientes
914 3032 926 3062 ,
955 2992 1090 3072 symhoiis

87 3076 217 3138 aedictis
240 3077 311 3135 nihil
333 3077 483 3144 contineri,
507 3071 580 3154 quod
603 3094 657 3131 non
684 3074 722 3131 sit
743 3075 887 3132 conforme
910 3074 997 3136 serho
1018 3074 1090 3148 Dei,

107 3180 229 3244 prorsus
250 3162 336 3220 sociat
357 3159 391 3219 ud
414 3177 563 3239 synceram
585 3155 653 3217 iidei
675 3157 902 3237 explicationem.

346 3325 373 3384 Ι)
396 3324 421 3385 E
463 3323 489 3384 L
509 3322 536 3383 Ε
559 3323 630 3384 GE
673 3322 701 3383 D
720 3322 747 3383 Ε
770 3324 795 3382 l.

538 3425 610 3485 ΧΠ.

138 3535 285 3594 Detentus
311 3533 392 3609 Lego
418 3530 493 3604 Dei,
523 3534 625 3611 exponi
656 3531 737 3591 nohis
771 3529 942 3589 voluntatem
968 3528 1261 3608 Dci¹)‚1„g,00;„.

87 3620 123 3679 nt
152 3642 171 3678 a
199 3617 281 3675 nohis
308 3618 367 3713 tissi
397 3616 466 3713 pedit
493 3626 540 3673 nut
571 3616 658 3688 noiit,
687 3612 753 3712 qnid
780 3615 880 3672 bonum
909 3626 938 3672 et
964 3614 1080 3681 iustum,
1093 3611 1204 3711 ffifflffiu
1206 3620 1261 3709 ὥς

87 3704 159 3765 'idve
178 3701 279 3760 mnium
302 3711 338 3757 stt
355 3710 383 3756 ct
397 3709 541 3760 iniustum.
585 3699 693 3757 Bonam
716 3710 803 3774 agutur
823 3709 852 3755 et
873 3709 998 3755 sanctem
1014 3716 1084 3754 con·
1150 3721 1203 3766 μοι,

87 3808 169 3848 emur
198 3804 265 3844 csse
291 3784 410 3861 Legem.
455 3782 495 3840 Et
524 3785 595 3841 hanc
617 3781 726 3861 quidem
754 3782 824 3839 alias
853 3780 941 3857 digito
962 3779 1019 3837 Dei
1039 3783 1260 3858 risqffimmm

87 3875 194 3951 ra'ptum
215 3888 275 3926 csse
299 3871 328 3925 in
350 3869 439 3924 cottio
459 3858 620 3938 tumtunm,
648 3860 803 3942 miscerique
823 3868 913 3940 Iegem
944 3873 1082 3933 noturus,
1107 3871 1177 3915 lton.
1195 3869 1217 3910 ²·

87 3958 128 4015 ias
150 3964 244 4013 notem
265 3950 355 4030 digito
378 3952 543 4031 insculptum
566 3970 631 4010 esse
653 3952 681 4008 in
703 3948 811 4006 tubulas
828 3946 923 4006 Mosis
944 3948 1083 4025 geminas,
1093 3968 1162 4068 ¹³1
1173 3963 1254 4065 helopi:

1140 4032 1171 4066 ll!
1204 4036 1217 4063 Ι
1251 4042 1260 4051 ·

1137 4076 1208 4124 onds.

128 4140 177 4201 17)
203 4132 302 4212 Neque]
323 4149 400 4185 mser.
419 4133 486 4184 Tur.
504 4133 577 4183 addit
593 4136 665 4183 cotim.
713 4137 757 4197 tu)
776 4133 878 4198 inquom
894 4134 1020 4190 sonetum}
1038 4143 1085 4196 pso

87 4224 100 4259 n
120 4221 146 4257 v.
164 4204 277 4270 legimus
294 4218 323 4254 tn
341 4218 418 4253 mser.
438 4201 503 4251 'l‘un
521 4204 594 4267 tunm
611 4201 721 4252 soeculo.
759 4202 803 4264 til)
821 4214 899 4251 mocr-
919 4199 986 4251 'l'ur.
1005 4206 1029 4248 rt
1047 4212 1094 4263 pro

89 4289 172 4409 wi)
191 4340 239 4391 oet
255 4336 331 4390 deest
348 4334 377 4390 in
394 4335 438 4389 ed.
454 4335 544 4390 iiiudt.
