2648 4928
187 326 263 409 dli
532 320 710 399 comasio
735 320 918 396 Smtimna
941 328 973 397 1.

186 514 284 585 nium,
305 509 462 579 iustitiam,
485 504 604 566 liberum
625 502 792 577 arbitrium,
818 513 849 564 et
869 503 973 565 claram
994 504 1154 585 suiipsius
1177 508 1307 571 notium

187 593 285 660 dedit:
308 590 381 654 adeo
403 602 434 652 nt
448 592 476 650 in
498 599 558 649 tota
578 588 701 647 hominis
724 597 826 648 natura
847 587 921 648 nulla
941 589 1065 668 potuerit
1083 590 1182 649 notari
1204 592 1309 673 imper·

187 678 287 741 lectio.
331 674 379 736 Al)
399 676 456 735 ista
476 672 654 753 perfectione
684 672 845 731 ethonore
872 672 918 733 vir
942 682 972 730 et
998 673 1102 733 mulier
1121 670 1302 749 deiecerant,

189 762 266 825 Gon·
284 766 317 833 a,
333 766 386 833 6.;
411 756 515 818 mulier
533 753 651 835 decepta
676 773 692 813 a
713 765 865 835 serpente,
888 765 918 815 et
937 755 983 814 vir
1001 774 1100 817 numm
1120 758 1188 818 roci
1208 758 1303 819 mnlie·

189 846 230 908 ria
249 843 403 925 praehens,
426 850 544 919 uterque
559 838 725 916 conspirans
747 850 846 898 contra
861 858 1019 918 supremam
1036 837 1096 901 llei
1114 842 1297 917 maiestatem,

190 929 238 1010 qui
259 925 375 989 disertis
403 923 500 985 verbis
521 932 638 981 mortem
662 931 747 980 autea
772 933 817 981 est
837 923 1051 997 interminatus,
1085 924 1111 985 ai
1140 944 1298 1007 praesuma·

190 1022 255 1075 rent
278 1009 314 1073 de
339 1007 442 1070 arhore
466 1006 513 1066 illa
532 1005 621 1065 rotita
644 1003 742 1065 edere.
1273 1022 1276 1029 ·

455 1189 490 1258 3.
532 1186 590 1250 DE
612 1183 823 1248 ORIGlNhLl
846 1182 1042 1248 PECCATO.

276 1343 340 1419 Qua
366 1340 614 1420 transgressione,
644 1357 717 1418 quae
740 1338 823 1418 rnlgo
851 1335 954 1397 dicitur
979 1336 1120 1418 originale
1146 1350 1286 1419 peccatum,

191 1445 310 1509 prorsus
333 1423 490 1486 deformata
512 1435 558 1484 est
581 1424 628 1483 illa
650 1421 708 1482 Dei
730 1424 757 1481 in
780 1423 892 1481 homine
913 1423 1026 1499 imago,
1056 1422 1176 1503 ipseqnc
1193 1434 1222 1483 ct
1237 1424 1286 1483 ciat

190 1511 302 1591 posteri
323 1520 422 1569 natura
444 1507 513 1567 laeti
533 1517 598 1568 sunt
620 1505 727 1566 inimici
749 1504 826 1578 Dei,
857 1506 997 1584 mancipia
1017 1506 1155 1580 Satanae,
1177 1516 1206 1566 et
1225 1504 1285 1567 uerri

191 1594 323 1674 peccati,
347 1591 419 1652 adeo
440 1602 470 1650 nt
489 1610 567 1650 mors
588 1601 706 1651 aeterna
728 1589 859 1649 hahuerit
884 1598 914 1649 et
933 1589 1062 1648 habitura
1086 1601 1131 1651 est
1151 1590 1284 1670 potentian

193 1686 224 1737 et
245 1673 396 1736 dominium
425 1675 454 1734 in
481 1693 599 1746 omues,
633 1675 680 1754 qni
701 1693 756 1732 non
783 1673 913 1743 luerunt,
944 1692 999 1730 non
1020 1682 1106 1745 sunt,
1139 1692 1193 1733 nec
1216 1670 1285 1732 interl

192 1769 260 1819 snnt
283 1760 402 1819 coelitus
432 1759 570 1837 regeniti:
604 1775 677 1836 qnae
704 1757 885 1835 regeneratio
910 1755 1030 1815 efficitur
1053 1756 1162 1817 virtute
1182 1756 1285 1837 Spiritu

192 1842 301 1916 uncti,
323 1843 471 1921 operantis
486 1841 516 1901 in
538 1839 671 1901 cordibus
688 1839 842 1900 electorum
865 1838 942 1908 Dei,
965 1850 1072 1898 certam
1092 1836 1176 1902 iidem
1198 1842 1224 1900 io
1241 1836 1285 1899 hat

191 1926 424 2006 promissionem,
447 1926 510 1985 eius
530 1923 619 1985 verhc
643 1922 724 1983 nobis
746 1923 916 1984 revelatam:
937 1941 991 2001 qna
1007 1921 1089 1995 ἠὼ,
1111 1922 1204 1985 lesum
1216 1920 1286 1984 Chri·

192 2017 266 2068 stnm
288 2028 350 2069 cum
371 2009 503 2087 gratuitis
523 2007 586 2068 cius
608 2006 689 2067 donis
710 2018 739 2067 ct
757 2006 903 2066 beneficiis
926 2007 953 2064 in
975 2007 1039 2085 ipso
1061 2008 1224 2087 promiscis,
1245 2022 1287 2085 ap·

192 2090 413 2173 prehendimus,
434 2088 513 2173 Eph.
529 2100 563 2166 2,
581 2102 653 2155 1.2.
665 2098 696 2152 3.
718 2090 805 2152 Rom.
821 2094 855 2162 ὁ,
869 2097 941 2154 ms.
964 2088 1028 2153 ioh.
1039 2098 1073 2164 3,
1088 2090 1284 2156 odiente.

367 2274 402 2344 4.
445 2271 502 2335 DE
524 2270 816 2336 mevssthrtomh
839 2271 1140 2337 Pmoatmstottts.

276 2422 342 2484 Hoc
365 2424 439 2485 enim
461 2434 625 2483 constanter
653 2421 796 2484 credimus
816 2421 930 2498 Deum,
960 2436 1025 2504 post
1051 2422 1239 2497 tremendam,
1264 2432 1287 2483 tt

192 2504 363 2566 horrendam
386 2507 507 2566 hominis
526 2506 716 2567 delectionem
735 2507 771 2566 ah
789 2508 851 2566 cius
868 2507 1041 2580 obedientia,
1067 2506 1205 2568 Adamum
1219 2525 1286 2588 qnae·

125 2628 128 2635 ι
193 2589 314 2662 sivisse,
341 2590 375 2649 ad
399 2611 430 2650 sc
454 2611 591 2662 vocasse,
624 2593 713 2669 ipsius
739 2603 884 2670 peccatum
909 2591 1148 2670 reprehendisse,
1181 2589 1286 2651 ciusdem

193 2692 256 2732 com
280 2676 457 2746 convicisse,
484 2686 513 2733 et
534 2672 646 2734 tandem
668 2677 818 2752 gratuitam
842 2687 871 2733 ct
892 2674 1122 2734 iucundissimam
1146 2674 1286 2755 promissio·

194 2775 257 2815 ncm
280 2758 320 2817 illi
342 2760 448 2818 fecisse
457 2802 466 2831 ,
491 2758 601 2817 scilieet
623 2757 696 2836 qnod
713 2777 811 2818 semen
827 2759 952 2816 mulieris
973 2771 1056 2836 capnt
1077 2761 1216 2838 serpentis
1234 2778 1287 2817 ron·

192 2851 320 2913 tereret,
353 2841 381 2898 id
405 2854 448 2900 est
470 2861 555 2920 opera
585 2841 699 2900 Diaboli
726 2841 907 2912 destrueret,
937 2861 1008 2919 qrrae
1035 2844 1204 2920 promissio,
1232 2842 1287 2899 sicat

193 2926 306 3002 saepius
329 2927 449 3003 repetita
472 2927 541 2995 luit,
565 2936 593 2982 ct
616 2926 749 3003 temporis
774 2943 908 2982 successu
930 2926 1034 2983 clarior
1056 2927 1150 2998 lacta,
1175 2929 1214 2985 sic
1234 2923 1288 2984 hdr·

193 3005 235 3064 les
257 3028 367 3078 omnes,
390 3009 424 3067 ab
440 3008 551 3067 Adamo
572 3007 606 3066 ad
624 3007 792 3079 Noaehnm,
818 3019 981 3067 constanter
997 3019 1024 3067 et
1044 3030 1106 3068 cnm
1127 3009 1288 3089 gaudiorum

194 3101 259 3147 sunt
289 3092 428 3170 amplexi,
461 3091 669 3160 Gen.3,15.
702 3090 771 3151 ibid.
801 3102 858 3162 12,
880 3100 910 3151 3.
944 3092 1001 3150 les.
1021 3099 1054 3163 7,
1078 3101 1127 3154 14.
1171 3094 1289 3153 Similiter

194 3175 278 3231 ctiam
302 3195 318 3231 a
341 3173 461 3231 Noaclro
482 3172 517 3231 ad
541 3173 752 3244 Abrahamnm,
781 3175 817 3234 ab
842 3175 1005 3234 Abrahamo
1026 3175 1061 3234 ad
1085 3176 1240 3247 Davidem,
1268 3182 1288 3233 rt

193 3255 237 3314 sic
260 3255 412 3336 deinceps,
440 3254 474 3314 ad
500 3258 721 3315 incarnationem
745 3255 811 3316 lesu
839 3258 966 3329 Christi,
992 3280 1090 3319 omncs
1114 3261 1235 3343 (scilicet
1251 3276 1288 3339 pa·

193 3348 258 3434 tres.
277 3337 376 3434 fideles
399 3340 449 3399 suh
473 3339 553 3421 lege)
585 3338 803 3401 iucundissimos
827 3343 889 3402 illos
913 3342 1021 3402 Christi
1044 3343 1108 3403 dies
1131 3343 1289 3405 riderentcl

194 3440 284 3499 garrsr
307 3432 382 3483 sunt.

193 3598 227 3666 5·
264 3601 573 3680 CONSERVATIO,
595 3606 901 3753 INlplCRfflthEsffiM
921 3608 976 3671 ET
989 3604 1289 3674 praeservante

277 3833 514 3899 Constantissime
536 3839 677 3900 credimus
694 3840 786 3900 Deum
806 3862 1020 3922 praesorrasse,
1045 3844 1191 3917 docuisse,
1215 3842 1292 3904 multi·

194 3917 335 3997 plicassc,
360 3921 535 3997 honorasse,
559 3924 729 3996 decorasse,
759 3937 844 4006 atquc
867 3949 883 3985 a
905 3940 995 3987 rnorte
1018 3928 1158 3989 advitam
1180 3928 1291 3988 annila

194 4003 332 4061 aetatibus
356 4003 517 4066 Ecclesiam
548 4028 625 4067 snam
650 4008 686 4067 ab
705 4007 817 4068 Adamo
846 4031 933 4088 usquc
962 4011 996 4070 ad
1022 4012 1174 4073 adrentum
1200 4008 1292 4073 Christi

193 4084 222 4143 in
252 4106 387 4160 carnem,
417 4110 547 4151 vocasse.
598 4090 789 4152 Abrahamum
818 4095 891 4152 onim
918 4115 934 4153 e
962 4098 1052 4175 patria
1085 4116 1137 4156 sua
1168 4095 1292 4157 evocarit·

193 4167 268 4226 illum
291 4172 433 4245 instituit,
455 4170 560 4233 Semcn
584 4176 645 4234 eins
668 4174 876 4253 multiplicarit,
900 4189 983 4257 atque
1003 4179 1174 4240 mirabiliter
1195 4196 1294 4240 consm-

192 4255 286 4324 varit,
311 4266 340 4312 et
360 4258 449 4334 magis
469 4257 597 4335 myrifico
615 4277 632 4316 o
651 4258 788 4317 servitute
809 4270 838 4319 ct
860 4262 1009 4339 tyrarrniale
1026 4262 1189 4323 Pharaonis
1206 4264 1296 4324 litero

191 4335 253 4409 rit,
278 4337 333 4397 illis
354 4339 453 4418 leges,
479 4350 583 4400 statuta
604 4350 634 4400 et
658 4343 835 4403 ceremonias
859 4362 925 4404 snas
947 4344 1041 4419 dedit,
1065 4359 1231 4431 mrramqnc
1249 4344 1296 4407 ea·
