2648 4928
52 278 107 357 44
314 278 483 376 zwingtii
504 210 670 373 expositio
694 272 778 351 Chr.
803 278 896 351 otei.
924 362 929 371 Ι

53 465 141 527 animi
162 458 235 542 apud
256 461 333 521 illum
353 471 419 521 snut
439 461 501 521 sine
522 478 643 539 corpore
662 478 751 539 usqne
769 455 804 519 nd
822 457 995 539 praedictum
1017 456 1166 535 indicium,

54 548 107 609 enh
135 548 215 607 euius
243 544 389 607 exordium
417 557 515 605 omnes
545 540 732 603 redinduituri
760 562 854 602 surmus
883 543 1004 621 positum
1035 544 1168 623 corporis
1195 526 1208 563 ι

52 632 268 701 vestimentum,
297 640 328 689 et
352 647 416 689 enm
442 646 477 687 eo
496 625 557 685 siue
579 624 614 685 ed
639 637 790 704 perpetuas
819 626 915 705 sponsi
938 627 1027 687 nostri
1054 628 1168 706 nuptiae

52 715 115 776 rive
133 713 168 774 ad
184 723 335 792 perpetuas
355 708 508 791 perduellis
529 707 632 768 diaboli
649 727 799 769 aerumnas
818 709 985 789 profecturi.
1030 710 1087 771 iiio
1109 709 1168 771 dno
1198 716 1208 791 ⁴.

51 796 106 859 tihi
128 797 278 859 mitissime
297 797 365 857 Rex
386 805 417 854 ut
436 793 528 859 sentio
551 812 700 873 exponam.

452 957 764 1021 nonsummum.

1 1090 44 1159 43
134 1084 230 1149 Unum
262 1082 337 1167 qood
363 1104 425 1147 eun
454 1083 587 1145 Christus
617 1084 773 1144 inferorum
802 1081 943 1165 eruciatus
972 1101 1028 1142 nen
1061 1084 1165 1158 nonsit,

52 1169 191 1254 quomodo
212 1169 293 1229 divus
313 1168 416 1229 Petrus
435 1167 519 1228 donet
539 1167 624 1228 Aeto.
642 1179 673 1229 2.
698 1166 749 1227 sed
770 1177 861 1227 morte
884 1167 1048 1244 perfunctus
1068 1168 1168 1227 coelos
1198 1208 1208 1248 :u

38 1252 235 1323 'reuerendit,
264 1250 317 1313 nos
343 1271 453 1332 quoque
482 1262 662 1331 posteaquam
694 1251 829 1310 solvimur
851 1268 925 1308 nexu
950 1250 1100 1327 eorporis,
1128 1270 1166 1325 ρο
1199 1294 1208 1331 ᾖ

51 1338 125 1399 eitra
144 1338 370 1407 cunctationem,
400 1356 504 1395 morum
525 1345 574 1394 aut
598 1355 698 1394 novum
723 1337 895 1403 cruciatum,
927 1334 952 1391 si
974 1330 1056 1393 unedo
1080 1330 1207 1419 iidem,

50 1426 202 1503 qnoniam
230 1420 430 1489 hahuerimus,
460 1420 549 1477 ituros
579 1436 656 1482 esse.
708 1416 848 1498 Quodque
876 1414 1057 1494 cupiditatem
1086 1435 1166 1477 enan
1191 1454 1204 1501 3

8 1524 11 1529 ·
50 1504 241 1585 potiusquam
262 1502 370 1564 animas
389 1500 510 1562 fidelium
529 1520 649 1580 pascere
667 1503 729 1562 ansi
744 1512 827 1574 sunt,
849 1501 895 1580 qui
912 1500 1070 1577 purgatorii
1090 1500 1166 1579 ignis
1195 1536 1208 1594 s,

52 1588 183 1647 miserias
197 1588 388 1659 intentarunt,
412 1586 482 1645 alies
503 1587 572 1644 satis
592 1585 707 1645 miseris
726 1584 896 1643 hominihus.
940 1582 1066 1644 Primum
1089 1583 1165 1643 enin
1196 1616 1208 1679 p

49 1656 193 1731 Ch'ristom
216 1671 305 1750 ipsum
327 1688 443 1749 prorsus
462 1678 599 1728 evacuant
621 1679 651 1728 et
671 1666 833 1747 explodunt.
878 1666 911 1726 Si
934 1668 1009 1728 enim
1032 1664 1176 1727 chrtsrm
1196 1722 1208 1760 v

68 1772 102 1813 ro
118 1753 365 1832 peccatisnostris
386 1762 513 1811 mortuus
532 1758 594 1823 est,
617 1750 756 1833 quomodo
777 1752 838 1829 ipse
858 1761 887 1809 et
909 1753 1008 1832 spiritu
1031 1751 1096 1809 einr
1112 1751 1166 1809 irn-
1197 1792 1208 1847 p

47 1772 109 1899 lert
129 1836 285 1897 docuerunt
305 1834 455 1915 Apostoli,
485 1833 623 1915 quomodo
646 1847 677 1896 et
696 1834 842 1914 religionis
865 1836 938 1894 ratio
967 1833 1051 1894 lateri
1073 1834 1164 1912 cogit,
1201 1876 1204 1880 -

48 1940 106 2003 qne
124 1930 235 1981 eonatat
252 1920 342 1998 gretia
363 1928 392 1979 et
415 1919 540 1978 bonitate
563 1917 609 1977 dei
630 1918 709 1979 beari
733 1919 881 1990 homines,
904 1919 952 1999 qui
975 1927 1073 1996 posset
1093 1916 1166 1977 ferri
1202 1898 1208 1935 ¹

48 2012 80 2065 nt
102 2023 155 2065 noo
176 2003 212 2064 nd
239 2000 467 2062 satisfaciendum
495 2002 688 2081 regeremur?
729 2002 762 2062 Si
782 2003 856 2061 enim
882 2021 899 2062 a
923 2000 1039 2062 Cheimo
1060 1999 1165 2061 ahhor·
1199 1982 1208 2091 ἶ

48 2097 116 2149 rent
135 2072 183 2168 qlri
200 2086 334 2164 operihus
356 2084 445 2144 fidunt
463 2086 542 2145 iuxta
561 2084 643 2145 Pauli
663 2085 797 2157 uerbum,
822 2096 925 2165 quanto
947 2084 1037 2163 magis
1061 2082 1166 2144 ahhor-
1188 2092 1208 2127 ·‘

49 2180 117 2232 rent
139 2180 169 2230 et
192 2168 350 2232 annihilent
375 2166 520 2228 Christum
545 2169 592 2249 qui
622 2171 735 2249 proprio
759 2170 885 2228 cruciatu
913 2169 1022 2248 expiari
1046 2166 1166 2229 crimin
1181 2154 1208 2227 .‘¹

48 2264 183 2333 oportere
204 2244 331 2313 docenti
372 2250 447 2311 Num
465 2251 490 2310 si
504 2253 651 2313 benefacta
670 2253 774 2312 mereri
791 2251 992 2312 beatitudinem
1007 2258 1179 2331 nequeunt,¹

49 2346 80 2397 et
100 2354 164 2397 enm
185 2336 351 2397 enrnilicina
366 2345 528 2409 merentur,
549 2336 603 2395 iam
622 2337 744 2396 numinis
765 2335 876 2395 honitas
899 2337 928 2395 iu
952 2334 1065 2395 dnhiunr
1079 2352 1166 2395 νοω·
1204 2325 1208 2360 ⁴

49 2428 146 2492 retur,
168 2417 470 2501 quasi'ndllietionihns
492 2430 521 2478 et
541 2421 684 2480 aerumnis
701 2417 858 2497 gauderet,
882 2419 1050 2479 ahhorreret
1069 2428 1166 2483 auten

20 2500 301 2565 inmansuetudine
329 2512 359 2561 ot
386 2502 571 2579 benignitate.
616 2501 768 2574 Secundo,
797 2502 829 2561 Si
853 2501 985 2562 Christus
1013 2522 1069 2561 non
1092 2500 1174 2561 tollit.
1204 2496 1208 2527 ¹

47 2586 178 2647 muletam
201 2597 230 2645 et
249 2605 367 2665 poenam
396 2587 522 2665 ponentis
549 2585 689 2659 dehitsm,
722 2588 867 2645 cuiusnam
897 2606 983 2646 eausa
1006 2587 1097 2643 iactus
1120 2592 1167 2645 est
1205 2596 1208 2653 j

47 2668 154 2729 homo?
180 2671 317 2749 cuiusque
340 2689 426 2729 eausa
449 2689 549 2748 passus
574 2669 640 2730 esti
680 2670 755 2730 Nam
779 2668 852 2750 quod
869 2670 1079 2749 Theologerunu
1102 2668 1167 2747 qui·

47 2750 111 2813 dem
133 2754 174 2813 sie
199 2752 411 2823 discriminant,
441 2754 559 2832 eeulpa
582 2774 634 2814 nos
661 2756 822 2832 redemptos
844 2772 930 2828 esse,
961 2774 1016 2812 nen
1041 2752 1127 2810 etiarn
1146 2770 1166 2811 a
1206 2754 1208 2761 '

46 2834 160 2917 poena,
182 2837 311 2896 frivolum
329 2839 384 2895 imo
397 2839 631 2897 contumeliosum
650 2839 678 2896 in
693 2837 776 2896 deum
791 2848 977 2896 commentum
998 2845 1052 2895 est.
1087 2834 1166 2897 Nan
1207 2838 1208 2843 '

48 2939 84 2980 ne
107 2921 244 2980 humanus
268 2918 380 3000 quidem
404 2919 489 2981 iudex
513 2941 633 3000 poenam
659 2922 762 2995 inlligit
789 2921 834 2979 uhi
858 2920 941 2998 culpa
966 2921 1067 2992 abest,
1096 2938 1166 2997 pro·

5 3003 122 3062 'tinus
144 3022 214 3079 ergo
234 3013 268 3061 'ut
289 3022 305 3061 a
329 3002 383 3061 deo
406 3004 487 3082 oulpn
513 3007 666 3063 remittitur
691 3023 781 3081 poena
810 3002 968 3061 enuidenuta
990 3013 1044 3062 est.
1088 3002 1165 3063 Ter-

47 3086 107 3156 tio,
134 3082 206 3143 Cum
229 3084 363 3144 Christus
390 3086 451 3163 ipse
474 3084 622 3157 docuerit,
651 3082 725 3164 qnod
753 3086 798 3163 qui
820 3084 940 3143 credunt
961 3089 1046 3144 vitum
1069 3097 1164 3145 eeter-

46 3186 112 3227 narn
139 3166 279 3238 habeant3
309 3176 338 3225 et
364 3165 455 3244 qnod,
483 3169 529 3247 qui
556 3166 643 3226 fidunt
670 3186 705 3226 eo
728 3169 775 3246 qui
798 3167 942 3227 Christum
968 3170 1048 3229 nobis
1072 3170 1162 3241 misit,

28 3250 75 3311 ¹‘in
95 3249 227 3311 indicium
249 3251 455 3319 eunuchizant,
478 3247 529 3309 sed
547 3251 601 3309 inm
621 3252 784 3310 transierint
805 3271 822 3311 a
843 3264 933 3311 morte
955 3253 982 3310 in
1004 3255 1104 3313 uitam:
1132 3251 1165 3312 tm

46 3334 225 3395 manifestum
249 3331 322 3413 quod
346 3332 415 3391 haee
437 3353 515 3391 mora
539 3334 680 3393 cruciatus
701 3354 781 3414 quam
804 3337 905 3395 animis
928 3335 994 3395 hino
1017 3337 1163 3416 migranti·

46 3416 99 3479 luas
121 3416 191 3478 dant
212 3416 363 3495 Papiriae,
386 3412 584 3477 commenticia
607 3428 701 3477 eet-et
722 3419 798 3477 lietu.

150 3580 411 3643 venustem
432 3580 636 3643 conputus
658 3581 819 3645 CllRlSTl
841 3584 885 3644 IN
907 3582 1057 3646 cottus.

4 3708 39 3770 *7
106 3703 238 3766 Alterum
261 3726 332 3767 uero
352 3705 489 3787 quodne
509 3708 556 3769 hie
576 3711 767 3788 expositurum
792 3710 888 3789 recepi
910 3709 964 3771 hoe
984 3721 1039 3770 est.
1075 3706 1161 3785 Quod

45 3788 74 3849 in
98 3808 190 3849 coena
211 3788 316 3850 domini
337 3792 464 3852 naturale
483 3812 518 3853 ae
539 3792 723 3853 substantiale
744 3792 818 3853 istud
839 3814 940 3873 corpus
953 3793 1079 3865 Christi,
1104 3812 1160 3874 quo

44 3883 76 3933 et
95 3872 142 3932 hie
162 3893 262 3952 puseus
284 3885 380 3936 estet
402 3896 476 3934 nune
499 3877 528 3936 in
551 3877 640 3935 coelis
661 3875 696 3936 ad
711 3876 857 3938 dextoram
873 3879 960 3955 patris
981 3876 1078 3948 sodet,
1102 3897 1159 3937 non

45 3955 214 4017 naturaliter
234 3968 318 4038 atque
344 3978 397 4038 per
424 3961 576 4020 essentiam
604 3961 717 4034 editur,
753 3960 803 4019 sed
834 3961 1017 4038 spiritualiter
1038 3969 1158 4020 tantum.

45 4038 186 4119 Quodque
207 4060 262 4101 non
286 4041 367 4101 morlo
390 4043 518 4103 frivolum
541 4054 571 4103 et
587 4045 721 4116 stultum,
743 4043 894 4104 sedetiam
915 4045 1026 4122 impium
1041 4054 1070 4102 et
1089 4063 1160 4104 eon-

43 4123 221 4221 tnnreliosnnr
243 4124 383 4207 estquod
405 4126 539 4207 Papistae
560 4126 735 4201 docuerunt,
758 4146 792 4187 ea
815 4146 963 4198 mensura,
986 4147 1159 4206 enprorsus

22 4208 1158 4371 litigilitlintllhitli⁹..tittlitt.f'¹t⁰h⁸..:;‘:

1090 352 1097 365 ‘
1197 342 1208 391 Ι

1200 868 1208 903 i
