2648 4928
216 312 300 410 Cep.
325 320 392 389 111.
416 324 452 388 et
473 304 538 386 iv.
590 318 644 387 De
668 276 901 391 conversante
919 262 1047 394 modosff
1101 324 1175 397 711

91 520 125 560 oe
147 497 242 570 nobis,
266 498 294 555 in
316 495 397 556 nobis
419 505 563 574 operatur.
607 493 652 556 Ee
671 506 765 555 autem
788 500 947 578 neutiquam
970 503 1000 560 lit
1015 521 1067 582 per
1088 505 1176 565 solam
1273 572 1275 577 A

91 585 224 646 rinsccus
246 582 423 639 insonantem
455 577 630 654 doctrinam,
654 580 788 639 moralem
808 585 989 656 suasionem,
1023 587 1068 645 rel
1091 588 1175 648 talem

91 665 198 726 eraudi
218 665 377 734 rationem,
396 671 428 720 ut
448 673 514 740 post
542 656 605 721 net
633 661 739 745 (quoad
768 661 874 746 ipsum)
906 669 1117 745 operationem,
1144 673 1174 733 in

91 750 182 810 minis
204 755 343 828 potestate
367 755 479 804 maneat
501 746 668 823 regenerari
700 746 747 806 vel
767 766 822 804 uon
845 750 1023 827 regenerari,
1047 757 1175 815 converti

91 834 93 886 ἲ
127 852 183 893 uon
206 830 353 901 convorti3
377 826 428 888 s'ed
451 838 495 887 est
516 829 598 909 plane
622 829 856 909 supernaturalis,
878 834 1072 911 potentissima
1093 837 1174 899 simul
1249 852 1252 857 ·
1296 863 1309 887 a

93 914 295 985 suavissima,
318 911 475 985 mirabilis,
501 930 624 985 arcana,
655 924 683 974 et
715 913 866 972 ineffabilis
893 918 1040 995 operatio,
1067 921 1174 981 virtute

91 1024 120 1071 ι,
140 994 295 1059 secundnm
316 995 490 1074 Scripturam
513 994 600 1075 (qnae
621 994 658 1056 ele
679 994 810 1065 Aethere
829 996 911 1056 huius
932 1002 1107 1079 operationis
1129 1015 1175 1073 est

91 1081 210 1161 pirata)
233 1099 286 1140 nco
309 1080 465 1151 creatione,
489 1097 542 1140 nec
563 1090 737 1140 mortuorum
757 1081 976 1142 resuscitatione
998 1085 1102 1158 minor,
1125 1098 1174 1146 aut

91 1167 194 1236 erier,
216 1162 288 1224 adeo
306 1173 336 1222 ut
359 1182 457 1222 omues
479 1161 552 1234 illi,.
568 1165 596 1222 io
625 1182 742 1241 quorum
770 1163 904 1223 cordibus
929 1164 1093 1228 admirando
1117 1169 1172 1230 lroc

91 1245 140 1308 fflo
161 1246 243 1309 Deus
262 1257 413 1326 operatur,
435 1256 533 1318 certo,
558 1245 744 1309 infallibiliter
771 1255 801 1307 et
820 1246 975 1308 efficaciter
997 1270 1171 1330 regeneren-

96 1374 124 1404 ,
152 1342 183 1392 et
204 1340 267 1391 actu
301 1327 429 1390 credant.
474 1327 569 1408 Atque
597 1340 655 1390 tum
685 1330 813 1389 voluntas
842 1331 898 1390 iam
929 1345 1082 1407 renovata,
1113 1357 1169 1397 non

91 1423 162 1477 tun
184 1415 280 1494 agitur
300 1423 330 1475 et
351 1422 479 1472 moretur
500 1432 517 1472 a
541 1412 623 1485 Deo,
655 1410 743 1473 seda
766 1411 831 1473 Deo
852 1425 934 1487 aeta,
958 1416 1069 1494 agitet
1094 1419 1166 1497 ipse.

91 1498 245 1559 uolrem
268 1499 352 1559 ctiam
374 1496 458 1555 homo
481 1496 542 1575 ipsc
561 1496 755 1579 pergratiam
776 1498 859 1559 iatam
878 1492 1027 1579 acceptam
1048 1499 1170 1564 eredere

91 1583 278 1665 resipiscere
299 1591 379 1642 recta
401 1577 517 1642 dicitur.

569 1797 654 1860 Xlll.

137 1914 255 1978 Modum
287 1914 371 1977 huius
398 1916 573 1997 operationis
601 1912 700 1976 fideles
725 1918 754 1976 in
784 1916 837 1978 laec
857 1918 915 1979 rita
936 1916 1020 1998 plene
1040 1939 1169 2001 compre-

91 1998 180 2062 eelere
202 2023 256 2061 non
279 2010 412 2079 possunt3
434 2002 462 2059 in
483 2020 519 2060 eo
540 2002 652 2059 interim
667 2001 897 2079 acquiescentes,
916 2000 998 2086 quedl
1012 2022 1065 2083 per
1087 2007 1169 2064 istam

91 2079 128 2144 :1
158 2087 297 2164 gratiam,
331 2103 363 2143 se
391 2082 479 2144 cordo
501 2081 643 2156 credere,
673 2095 703 2144 et
729 2083 913 2147 &malorem
941 2104 1021 2147 suum
1048 2086 1171 2169 adligare

91 2178 152 2231 net
171 2188 205 2230 ae
227 2169 362 2230 sentiant.

566 2383 652 2449 xlv.

138 2502 189 2565 Sie
203 2500 278 2584 crgo
298 2500 368 2562 fides
391 2501 448 2562 Dei
470 2499 572 2563 donam
594 2512 656 2574 est,
688 2520 803 2562 nauco
826 2501 901 2582 quod
921 2523 938 2562 a
959 2500 1026 2565 lieo
1047 2503 1169 2564 dominis

91 2586 174 2648 »toto
193 2589 348 2656 offeratur,
377 2585 428 2645 sed
459 2585 546 2665 quod·
561 2587 668 2645 homini
691 2587 787 2664 reipsa
809 2588 993 2659 conteratur,
1015 2589 1170 2666 inspiretur

99 2669 277 2731 infundatur.
322 2670 388 2728 Non
410 2671 507 2741 etiarn,
530 2668 604 2750 quod
624 2669 705 2729 Deus
726 2666 880 2751 potentiam
902 2668 1040 2731 credendi
1062 2681 1170 2732 tantum

91 2755 197 2827 eierat,
220 2773 385 2815 eonsensum
407 2773 479 2813 vcro
498 2773 549 2813 seu
572 2765 664 2814 ectum
696 2751 832 2812 credendi
855 2754 891 2815 ele
921 2754 1043 2814 hominis
1064 2753 1169 2814 deinde

91 2838 175 2897 »itan
199 2849 348 2917 expectet,
372 2835 435 2910 sed,
459 2837 531 2916 quod
554 2849 584 2898 ct
606 2837 678 2897 vello
700 2835 843 2909 credere,
873 2847 904 2898 et
930 2839 1032 2917 ipsura
1048 2836 1169 2897 eredere

102 2917 219 2982 homine
242 2924 265 2980 is
288 2922 410 2991 efficiat,
440 2922 487 2998 qni
516 2933 651 3002 oporatur
678 2931 707 2981 et
736 2920 812 2981 velle
841 2931 871 2982 et
898 2921 1014 2994 lacere,
1041 2919 1169 3000 adeoque

92 3006 150 3066 mia
172 3016 306 3087 operatur
326 3007 356 3063 in
375 3006 516 3064 omnibus.

570 3222 649 3303 xv.

138 3341 222 3401 Hane
243 3344 360 3421 gratiam
381 3340 489 3402 DEUS
515 3343 622 3402 nemini
648 3337 744 3400 debet.
789 3335 867 3412 Quid
889 3339 965 3398 euim
997 3337 1100 3398 deleat
1128 3340 1167 3402 ci.

91 3419 204 3505 iprlor
223 3426 291 3486 dare
311 3428 381 3485 nihil
404 3435 519 3505 potest,
548 3436 579 3484 ut
607 3426 634 3486 ei
665 3422 862 3484 retribuatur?
895 3422 957 3481 lmo
980 3419 1045 3501 quid
1067 3420 1170 3499 debeat

116 3510 161 3589 qui
183 3508 219 3568 de
241 3530 292 3569 suo
313 3511 381 3569 nihil
404 3509 500 3580 habet,
526 3521 639 3588 praeter
656 3517 801 3589 peccatum
828 3516 860 3566 et
880 3503 1079 3565 mendacium?
1111 3503 1169 3577 Qui

91 3594 267 3670 gegnarum
289 3594 364 3652 illam
385 3594 509 3671 accipit,
538 3593 590 3652 suli
616 3592 681 3651 Deo
710 3601 842 3650 aeternas
872 3587 1005 3649 delectet
1026 3589 1085 3667 agit
1105 3607 1170 3665 gra·

91 3691 127 3746 33
151 3678 198 3755 cpni
221 3677 294 3734 illam
323 3698 377 3735 non
406 3678 527 3754 accipit,
555 3680 581 3734 is
608 3687 657 3736 aut
684 3675 755 3733 leaeo
786 3672 943 3753 spiritualia
971 3672 1084 3730 omnino
1115 3692 1170 3729 non

91 3769 149 3829 rat,
171 3770 201 3818 et
223 3760 251 3816 in
272 3780 323 3818 suo
348 3759 403 3818 sibi
426 3759 538 3838 placet:
562 3771 610 3818 ant
632 3777 751 3818 securus
774 3775 806 3815 se
837 3757 944 3816 habere
966 3756 1089 3814 inaniter
1111 3755 1173 3830 glo·

91 3852 157 3912 tur,
180 3840 255 3920 quod
277 3864 332 3902 non
355 3843 452 3901 habet.
497 3841 591 3902 Porro
613 3840 648 3902 de
671 3842 729 3910 iis,
755 3840 803 3916 qui
831 3850 951 3901 externe
981 3836 1064 3897 fidem
1086 3837 1171 3914 proli-

91 3937 173 3997 atnr‚
197 3938 225 3983 ct
247 3927 330 3985 vitani
349 3925 519 3996 cuondam,
541 3927 644 4005 optime
672 3922 828 3983 secundum
851 3920 1007 4000 exemplum
1029 3918 1173 3997 apostolo-

91 4023 119 4067 m
141 4007 320 4068 iudicandum
342 4021 372 4068 ct
392 4006 559 4088 loquendum
581 4019 638 4080 cst,
659 4006 818 4086 penetralia
840 4006 915 4065 enim
939 3999 1066 4063 cordium
1088 4000 1171 4061 uobis

91 4105 122 4151 nt
140 4096 325 4170 incomperta.
367 4093 426 4152 Pro
444 4093 509 4151 aliis
532 4104 636 4163 autem,
659 4089 849 4167 quirendum
876 4097 942 4148 sunl
963 4087 1065 4156 vocati,
1088 4105 1173 4145 oran·

97 4188 181 4235 scst
203 4176 296 4247 Deus,
319 4177 365 4254 qui
394 4196 465 4256 quac
485 4197 540 4235 nnn
564 4184 866 4252 suntrocattanquam
890 4172 956 4230 sint.
1000 4169 1172 4248 Neutiquanr
1214 4228 1247 4253 Γ

93 4278 129 4318 ro
158 4257 297 4333 adversus
325 4279 376 4320 cos
403 4270 448 4320 est
480 4256 717 4344 superbiendum,
746 4277 781 4319 ae
809 4258 834 4317 si
857 4256 1046 4335 nosmetipsos
1065 4251 1175 4315 disere·

91 4358 214 4406 'wnilde
