2648 4928
126 296 207 383 238
455 298 650 378 donem
683 304 908 378 (laneumls.

127 490 237 567 ticini,
258 486 333 548 ltunc
356 486 421 548 inre
440 486 567 557 mlum,
590 496 624 546 ut
642 502 733 566 panes
752 486 890 546 minorem
911 482 1057 548 resideret
1080 483 1170 549 neti

127 572 216 637 distic
244 581 273 632 et
291 572 369 631 vitae
389 579 525 633 aeteram
545 568 657 630 iastius.
702 569 845 644 Quorsum
868 571 945 630 enirn
966 570 1062 644 lucta,
1095 572 1153 632 nisi

127 657 184 721 duc
203 655 287 717 simul
306 653 434 716 laederis
451 651 593 714 lnacrcdes
616 670 682 714 essa
703 672 759 712 nun
782 663 932 733 poteraut,
965 652 1040 733 quud
1061 656 1118 714 iam
1141 673 1170 715 ar

127 741 185 803 Dei
203 740 323 800 consiliu
346 739 394 798 uni
415 747 479 798 crat
500 734 694 797 destinatum?
733 735 907 815 Excipiunt,
929 736 978 797 Ad
999 748 1106 799 terram
1130 736 1170 801 Cr

124 825 156 887 id
173 824 301 886 relectis
323 820 359 883 dc
380 839 435 901 qna
456 822 541 881 etiam
564 838 660 880 ssrmn
679 816 754 898 apud
772 820 945 881 Malachiam
964 818 1096 882 labetur.
1136 822 1169 883 ln

124 910 201 970 lacte
220 904 352 967 audiendi
372 913 487 976 essent,
516 905 541 964 si
560 903 682 964 Iudaeus
699 902 781 963 Deus
801 904 840 962 iu·
853 914 932 965 terra
953 904 1072 965 Cannam
1095 908 1170 986 quasi

124 990 214 1055 cadas
236 990 266 1050 in
286 1008 336 1049 ara
353 990 526 1067 saginasset.
556 988 645 1067 Atqui
665 986 751 1066 lunge
768 985 911 1048 diversum
932 999 977 1049 est
992 988 1157 1068 Prcplretsc

123 1076 230 1137 silium.
274 1071 347 1132 Nam
371 1072 485 1151 etquis
507 1082 613 1132 terram
635 1070 710 1130 illam
732 1069 813 1131 Deus
834 1070 971 1133 Alnrsltaa
990 1074 1073 1152 qussi
1094 1083 1170 1135 extet

123 1159 244 1241 patioris
271 1153 457 1217 haereditatis
486 1154 641 1237 symbolum
668 1155 839 1233 promiserat
865 1165 893 1215 et
921 1157 985 1219 eius
1007 1159 1134 1235 pastcris
1155 1158 1170 1238 ip

122 1241 243 1304 dederat
264 1236 483 1322 pussidcudaul,
513 1249 616 1298 utens
643 1238 671 1296 in
695 1238 825 1318 pupulum
853 1239 908 1298 sibi
930 1240 1103 1320 peculiarem
1126 1242 1170 1301 cul

123 1338 189 1398 rata
219 1334 252 1386 ct
278 1323 488 1394 sanctuarium,
521 1322 683 1402 praeseutia
711 1340 780 1381 suae
805 1324 914 1400 gratiss
943 1323 1154 1399 testimouium,

121 1417 273 1481 metat,
296 1408 367 1468 lines
388 1406 460 1465 istus
482 1426 538 1465 unu
552 1405 693 1465 immerito
707 1415 820 1483 reputat
838 1406 995 1486 Propheta.
1030 1404 1162 1489 Denique

122 1512 184 1555 ram
197 1490 314 1551 Caussa
337 1508 388 1569 pru
409 1486 492 1549 sacru
507 1488 563 1549 Dei
581 1486 725 1547 domicilio
741 1488 845 1562 habet,
871 1491 952 1549 cuius
967 1490 1141 1553 habitatione
1155 1512 1170 1573 q

122 1577 248 1659 privatus
263 1576 337 1634 iuret
351 1571 446 1645 Esau,
470 1570 536 1632 udin
559 1571 682 1631 habitum
698 1572 822 1651 colligit:
846 1574 975 1652 quoniam
991 1586 1124 1635 assueta
1136 1576 1170 1637 el

121 1679 177 1739 quc
201 1660 306 1719 lumilia
332 1655 479 1716 abdicatus
504 1665 586 1727 erat,
611 1656 720 1733 inqua
749 1667 904 1735 perpetuus
933 1656 1043 1718 residet
1063 1658 1122 1719 Dei
1149 1678 1170 1721 tt

119 1742 215 1803 Nobis
234 1759 345 1822 qunque
367 1739 503 1800 intuenda
531 1749 575 1799 est
601 1738 651 1797 illa
672 1748 768 1797 terrac
790 1740 911 1829 qualitas
930 1760 1012 1819 quum
1034 1742 1076 1802 illi
1097 1742 1170 1804 Dens

120 1824 252 1900 diderat,
280 1836 312 1884 ut
333 1824 407 1903 pacti
428 1823 583 1904 spiritualis
606 1840 669 1881 cum
682 1812 829 1882 ..lunulae
852 1825 961 1884 semine
982 1826 1045 1885 initi
1067 1846 1170 1909 arsag

120 1909 183 1971 daut
199 1920 279 1970 esset
298 1908 344 1968 uel
363 1908 477 1986 pignus.
504 1904 573 1965 Nun
595 1904 646 1965 abs
660 1924 692 1965 rs
714 1924 784 1984 ergo
799 1905 905 1966 Paulus
918 1908 1018 1992 (llum.
1028 1916 1061 1971 9.
1077 1922 1170 1974 vcra!

119 1994 271 2075 gratuitam
293 1992 460 2052 electionem
477 1990 505 2049 iu
519 1989 606 2049 laceb
624 1998 712 2048 ratam
732 1990 823 2049 luisse
844 2003 1063 2066 cunnmcmorat,
1086 1996 1170 2075 qutun

120 2078 185 2138 dum
211 2087 295 2139 natus
321 2075 431 2135 reiecta
461 2074 552 2133 fratrc
578 2070 615 2133 ad
641 2071 801 2152 potiendam
832 2073 1037 2137 haereditate·
1066 2076 1170 2139 destina

120 2159 180 2221 snt
202 2158 308 2219 Paulus
328 2158 404 2218 ultra
422 2158 574 2217 etiamnum
596 2157 709 2237 pergit:
746 2155 911 2235 dignitatem
932 2159 1006 2219 lianc
1026 2180 1085 2221 unu
1106 2180 1170 2244 npar

119 2246 210 2304 inissa
229 2252 336 2322 partam
359 2258 452 2321 acque
473 2257 590 2321 sperum
613 2251 745 2319 respectu
768 2241 897 2300 collatam
919 2243 974 2321 ipsi
993 2244 1092 2307 luculi.
1133 2244 1170 2307 lit

117 2326 149 2388 id
166 2326 267 2385 modu:
291 2324 344 2386 sed
359 2324 418 2384 Dei
435 2323 614 2404 providentia
634 2324 677 2382 sic
695 2322 836 2385 discretus
859 2326 979 2398 iratres,
1003 2326 1170 2409 antequtnl

117 2410 267 2492 quicquam
287 2409 334 2471 vel
355 2409 420 2468 mali
439 2409 579 2486 egissent.
623 2406 723 2486 ltaque
745 2428 800 2467 nou
823 2409 1027 2489 exoperibus,
1055 2411 1111 2474 scd
1130 2430 1165 2475 cx

118 2505 203 2556 cante
223 2493 382 2572 proiectum
404 2492 494 2550 luisse
514 2488 666 2550 discrimen
690 2492 848 2550 constitnit.

200 2578 295 2637 ilica
318 2576 421 2653 Pighio
443 2574 525 2634 nobis
546 2572 662 2634 rancida
677 2575 724 2633 illa
744 2574 890 2634 distinctio
908 2575 1086 2639 obtruditura
1109 2579 1170 2641 Nus

116 2659 486 2806 litlllltllzli
505 2677 596 2801 llil
617 2678 651 2800 l
667 2663 1032 2813 lllllfllullllul'll
1045 2675 1170 2807 till.

115 2827 198 2889 Dans
220 2826 414 2909 praevidebat.
457 2825 498 2886 Et
518 2836 619 2905 argute
645 2827 773 2897 scilicet,
802 2828 830 2884 iu
859 2828 971 2887 uomina
992 2828 1085 2889 lsra'e'l
1112 2832 1170 2911 plsil

116 2912 238 2993 phatur,
268 2910 380 2992 quoda
401 2908 467 2969 Dcu
489 2908 610 2968 videndo
637 2911 675 2967 sit
696 2912 926 2987 cognominatus,
958 2921 988 2970 ut
1009 2916 1170 2975 scismata

114 2994 225 3056 demum
246 3014 311 3054 csse
335 2994 499 3063 israelitas,
521 2995 622 3071 quise
645 2996 758 3072 propriu
781 2995 884 3053 malitia
907 3015 962 3054 uon
985 3009 1160 3073 excaecant,

114 3076 150 3137 ad
173 3078 286 3147 Deum,
309 3078 357 3137 ubi
380 3078 436 3135 illis
457 3087 574 3153 apparet
596 3075 845 3154 conspiciendum,
874 3081 1006 3156 aperiunt
1025 3081 1137 3147 oculus.

114 3161 163 3243 qui
184 3160 332 3220 ridiculum
353 3170 413 3231 est,
436 3157 527 3238 quod,
552 3157 616 3216 duun
638 3159 709 3218 alius
731 3160 826 3219 studet
844 3162 940 3222 iacere
958 3173 1012 3222 tum
1037 3168 1170 3247 perspicui

113 3244 188 3325 talpa
213 3245 274 3323 ipse
295 3243 411 3302 caecior
429 3252 484 3303 cst.
528 3239 651 3301 Diversa
674 3244 748 3302 cuiun
771 3265 887 3324 prorsus
913 3248 1126 3327 etvmologiae
1148 3248 1170 3309 lt

114 3329 297 3407 exprimitur:
319 3325 411 3405 quod,
436 3345 498 3384 cum
515 3324 630 3401 Augclo
653 3324 710 3386 Dei
730 3347 920 3407 congressus,
940 3312 1074 3409 superior
1092 3334 1122 3393 in
1140 3352 1170 3394 cc

113 3411 189 3473 tuine
201 3411 313 3470 luisset.
340 3409 430 3468 lsrael
443 3410 516 3467 enim
534 3407 599 3468 Dee
612 3420 754 3489 putentem
767 3413 812 3472 vel
829 3409 1019 3473 dominantem
1035 3414 1101 3476 Deo
1117 3438 1170 3477 suu

196 3492 254 3554 Sed
275 3493 396 3573 qttibus,
420 3492 560 3564 obsecro,
584 3494 622 3551 ita
644 3496 746 3572 poterit
766 3497 864 3555 oculos
882 3498 1027 3576 configere
1049 3500 1096 3559 vel
1117 3521 1170 3562 cru

111 3586 143 3637 ut
164 3578 226 3637 cius
247 3578 369 3657 ineptias
392 3596 447 3635 uon
468 3576 711 3637 animadvertunt?
731 3578 805 3638 Boni
830 3582 976 3660 quicquam
999 3583 1044 3642 uel
1065 3586 1133 3644 mali
1154 3587 1170 3665 ip

112 3661 217 3720 iecisse
244 3681 377 3741 quorsum
408 3672 494 3740 negat
521 3659 647 3732 Paulus,
680 3664 733 3721 nisi
761 3674 790 3720 ut
809 3684 920 3724 omnem
947 3667 1042 3725 ueriti
1070 3686 1170 3748 respcs

110 3743 212 3803 tnttntt
231 3746 288 3804 inno
309 3746 363 3804 uisi
386 3755 416 3804 ut
436 3746 566 3823 praecise
588 3746 727 3820 alllrmet,
749 3745 840 3806 lleutu
860 3769 915 3807 uon
939 3748 1054 3809 aliunde
1074 3770 1171 3833 suspen

112 3828 246 3889 habuisse
272 3832 418 3900 rationes,
445 3848 527 3908 quum
550 3839 606 3888 tatu
630 3829 770 3889 diversum
793 3830 829 3890 de
850 3833 979 3910 gemeliis
1001 3834 1139 3897 iratribus
1161 3838 1170 3895 i

111 3914 184 3973 cium
210 3912 294 3973 tulit?
321 3912 390 3973 Scin
414 3931 496 3991 quatu
518 3915 614 3972 tritum
635 3915 722 3972 luerit
747 3916 880 3993 ell'ugium
910 3916 1006 3976 istudt
1035 3920 1115 3981 scira
1136 3931 1170 3979 tat

110 3997 229 4076 primum
250 3996 351 4069 velim,
381 3996 406 4055 si
428 3997 570 4056 communi
597 4007 715 4057 naturae
744 4001 836 4059 relicti
858 4001 952 4060 lot-eut
972 3999 1053 4061 Εειιι
1080 4014 1112 4063 ct
1132 4002 1170 4064 lat

109 4078 175 4159 quid
193 4080 331 4140 bonorum
354 4098 470 4159 operum
497 4080 673 4143 insecundo
696 4084 786 4160 magis
807 4103 887 4163 quam
910 4086 938 4143 iu
960 4086 1057 4163 priora
1079 4084 1163 4149 Deus

109 4164 242 4244 perisset.
286 4164 438 4244 Peraequc
460 4184 530 4224 sanc
550 4164 632 4223 ambo
650 4164 752 4245 lapidei
774 4167 869 4226 cordis
889 4166 993 4229 duritia
1012 4169 1170 4231 oblaturus

108 4257 164 4307 tem
187 4248 371 4329 repulissent.
415 4245 485 4308 ldco
506 4248 663 4319 ambobus,
687 4250 775 4329 inquit
798 4248 937 4329 Pighius,
962 4253 1090 4315 flexibile
1108 4276 1160 4316 cur

108 4339 165 4394 tum
186 4342 243 4407 cst,
265 4342 297 4394 ut
310 4332 429 4415 gratiam
448 4343 566 4414 possent
579 4333 731 4415 amplecti:
754 4333 807 4396 scd
819 4337 893 4399 alter
909 4336 1000 4400 libers
1012 4336 1136 4403 arbitria
1153 4361 1170 4423 q
