<?xml version="1.0" encoding="UTF-8"?>
<!DOCTYPE html PUBLIC "-//W3C//DTD XHTML 1.0 Transitional//EN"
    "http://www.w3.org/TR/xhtml1/DTD/xhtml1-transitional.dtd">
<html xmlns="http://www.w3.org/1999/xhtml" xml:lang="en" lang="en">
 <head>
  <title>
</title>
<meta http-equiv="Content-Type" content="text/html;charset=utf-8" />
  <meta name='ocr-system' content='tesseract 3.04.00' />
  <meta name='ocr-capabilities' content='ocr_page ocr_carea ocr_par ocr_line ocrx_word'/>
</head>
<body>
  <div class='ocr_page' id='page_1' title='image "./collectioconfes00niemgoog/collectioconfes00niemgoog_0871.png"; bbox 0 0 2648 4928; ppageno 0'>
   <div class='ocr_carea' id='block_1_1' title="bbox 339 290 1130 391">
    <p class='ocr_par' dir='ltr' id='par_1_1' title="bbox 339 290 1130 391">
     <span class='ocr_line' id='line_1_1' title="bbox 339 290 1130 391; baseline -0.006 -21"><span class='ocrx_word' id='word_1_1' title='bbox 339 295 580 391; x_wconf 75' lang='lat' dir='ltr'><strong>Pongraphus</strong></span> <span class='ocrx_word' id='word_1_2' title='bbox 605 295 649 368; x_wconf 84' lang='lat' dir='ltr'><strong>do</strong></span> <span class='ocrx_word' id='word_1_3' title='bbox 673 293 815 370; x_wconf 84' lang='lat' dir='ltr'><strong>Unione.</strong></span> <span class='ocrx_word' id='word_1_4' title='bbox 1054 290 1130 370; x_wconf 86' lang='lat'><strong>851</strong></span> 
     </span>
    </p>
   </div>
   <div class='ocr_carea' id='block_1_2' title="bbox 99 472 1135 1470">
    <p class='ocr_par' dir='ltr' id='par_1_2' title="bbox 99 472 1135 1470">
     <span class='ocr_line' id='line_1_2' title="bbox 99 472 1133 555; baseline 0.003 -20"><span class='ocrx_word' id='word_1_5' title='bbox 99 485 128 535; x_wconf 85' lang='lat' dir='ltr'><strong>ta</strong></span> <span class='ocrx_word' id='word_1_6' title='bbox 147 473 272 536; x_wconf 80' lang='lat' dir='ltr'><strong>editione</strong></span> <span class='ocrx_word' id='word_1_7' title='bbox 289 494 374 555; x_wconf 81' lang='lat' dir='ltr'><strong>saepo</strong></span> <span class='ocrx_word' id='word_1_8' title='bbox 387 475 546 535; x_wconf 77' lang='lat' dir='ltr'><strong>nominatae</strong></span> <span class='ocrx_word' id='word_1_9' title='bbox 562 474 764 547; x_wconf 76' lang='lat' dir='ltr'><strong>confessionis,</strong></span> <span class='ocrx_word' id='word_1_10' title='bbox 779 494 875 536; x_wconf 83' lang='lat' dir='ltr'><strong>conam</strong></span> <span class='ocrx_word' id='word_1_11' title='bbox 890 483 949 534; x_wconf 90' lang='lat' dir='ltr'><strong>toto</strong></span> <span class='ocrx_word' id='word_1_12' title='bbox 965 472 1035 535; x_wconf 81' lang='lat' dir='ltr'><strong>orbe</strong></span> <span class='ocrx_word' id='word_1_13' title='bbox 1048 472 1133 538; x_wconf 81' lang='lat' dir='ltr'><strong>Chri·</strong></span> 
     </span>
     <span class='ocr_line' id='line_1_3' title="bbox 100 557 1131 639; baseline 0 -21"><span class='ocrx_word' id='word_1_14' title='bbox 100 560 368 631; x_wconf 84' lang='lat' dir='ltr'><strong>otestiticancmnn,</strong></span> <span class='ocrx_word' id='word_1_15' title='bbox 390 557 463 639; x_wconf 88' lang='lat' dir='ltr'><strong>qnod</strong></span> <span class='ocrx_word' id='word_1_16' title='bbox 485 560 625 618; x_wconf 75' lang='lat' dir='ltr'><strong>imitantes</strong></span> <span class='ocrx_word' id='word_1_17' title='bbox 647 557 766 618; x_wconf 80' lang='lat' dir='ltr'><strong>dilectos</strong></span> <span class='ocrx_word' id='word_1_18' title='bbox 788 566 987 618; x_wconf 75' lang='lat' dir='ltr'><strong>&#39;antecessores</strong></span> <span class='ocrx_word' id='word_1_19' title='bbox 1006 571 1131 634; x_wconf 79' lang='lat' dir='ltr'><strong>nostros,</strong></span> 
     </span>
     <span class='ocr_line' id='line_1_4' title="bbox 99 641 1133 721; baseline 0.003 -20"><span class='ocrx_word' id='word_1_20' title='bbox 99 645 232 702; x_wconf 70' lang='lat' dir='ltr'><strong>essionem</strong></span> <span class='ocrx_word' id='word_1_21' title='bbox 247 643 319 702; x_wconf 86' lang='lat' dir='ltr'><strong>hanc</strong></span> <span class='ocrx_word' id='word_1_22' title='bbox 338 644 365 702; x_wconf 93' lang='lat' dir='ltr'><strong>in</strong></span> <span class='ocrx_word' id='word_1_23' title='bbox 381 642 508 702; x_wconf 85' lang='lat' dir='ltr'><strong>omnibns</strong></span> <span class='ocrx_word' id='word_1_24' title='bbox 526 641 727 721; x_wconf 80' lang='lat' dir='ltr'><strong>principalibus</strong></span> <span class='ocrx_word' id='word_1_25' title='bbox 740 643 866 702; x_wconf 85' lang='lat' dir='ltr'><strong>anticulis</strong></span> <span class='ocrx_word' id='word_1_26' title='bbox 880 661 941 701; x_wconf 90' lang='lat' dir='ltr'><strong>cnm</strong></span> <span class='ocrx_word' id='word_1_27' title='bbox 957 652 1053 703; x_wconf 85' lang='lat' dir='ltr'><strong>nostra</strong></span> <span class='ocrx_word' id='word_1_28' title='bbox 1064 664 1133 704; x_wconf 88' lang='lat' dir='ltr'><strong>con-</strong></span> 
     </span>
     <span class='ocr_line' id='line_1_5' title="bbox 99 723 1134 806; baseline 0.002 -21"><span class='ocrx_word' id='word_1_29' title='bbox 99 737 172 785; x_wconf 87' lang='lat' dir='ltr'><strong>ntcm</strong></span> <span class='ocrx_word' id='word_1_30' title='bbox 201 726 406 806; x_wconf 68' lang='lat' dir='ltr'><strong>approbemus,</strong></span> <span class='ocrx_word' id='word_1_31' title='bbox 433 724 671 806; x_wconf 81' lang='lat' dir='ltr'><strong>Religioncmqne</strong></span> <span class='ocrx_word' id='word_1_32' title='bbox 694 723 785 798; x_wconf 85' lang='lat' dir='ltr'><strong>hanc,</strong></span> <span class='ocrx_word' id='word_1_33' title='bbox 813 725 843 785; x_wconf 90' lang='lat' dir='ltr'><strong>in</strong></span> <span class='ocrx_word' id='word_1_34' title='bbox 872 724 1055 787; x_wconf 73' lang='lat' dir='ltr'><strong>confessione</strong></span> <span class='ocrx_word' id='word_1_35' title='bbox 1077 728 1134 789; x_wconf 81' lang='lat' dir='ltr'><strong>ieta</strong></span> 
     </span>
     <span class='ocr_line' id='line_1_6' title="bbox 100 796 1135 888; baseline 0.002 -19"><span class='ocrx_word' id='word_1_36' title='bbox 100 829 184 870; x_wconf 82' lang='lat' dir='ltr'><strong>aneae</strong></span> <span class='ocrx_word' id='word_1_37' title='bbox 206 810 372 883; x_wconf 87' lang='lat' dir='ltr'><strong>Maiestati,</strong></span> <span class='ocrx_word' id='word_1_38' title='bbox 394 807 435 872; x_wconf 86' lang='lat' dir='ltr'><strong>D.</strong></span> <span class='ocrx_word' id='word_1_39' title='bbox 456 808 670 882; x_wconf 67' lang='lat' dir='ltr'><strong>Mamiliano,</strong></span> <span class='ocrx_word' id='word_1_40' title='bbox 693 796 804 880; x_wconf 71' lang='lat' dir='ltr'><strong>obtata,</strong></span> <span class='ocrx_word' id='word_1_41' title='bbox 828 807 1077 888; x_wconf 80' lang='lat' dir='ltr'><strong>comprehensam,</strong></span> <span class='ocrx_word' id='word_1_42' title='bbox 1103 821 1135 871; x_wconf 85' lang='lat' dir='ltr'><strong>et</strong></span> 
     </span>
     <span class='ocr_line' id='line_1_7' title="bbox 99 892 1134 973; baseline 0 -21"><span class='ocrx_word' id='word_1_43' title='bbox 99 895 307 955; x_wconf 84' lang='lat' dir='ltr'><strong>nteceosonibus</strong></span> <span class='ocrx_word' id='word_1_44' title='bbox 331 895 435 952; x_wconf 81' lang='lat' dir='ltr'><strong>nostris</strong></span> <span class='ocrx_word' id='word_1_45' title='bbox 455 903 486 953; x_wconf 88' lang='lat' dir='ltr'><strong>ut</strong></span> <span class='ocrx_word' id='word_1_46' title='bbox 506 903 536 952; x_wconf 92' lang='lat' dir='ltr'><strong>et</strong></span> <span class='ocrx_word' id='word_1_47' title='bbox 555 912 572 952; x_wconf 85' lang='lat' dir='ltr'><strong>a</strong></span> <span class='ocrx_word' id='word_1_48' title='bbox 594 892 676 952; x_wconf 88' lang='lat' dir='ltr'><strong>nobis</strong></span> <span class='ocrx_word' id='word_1_49' title='bbox 698 912 748 973; x_wconf 81' lang='lat' dir='ltr'><strong>pro</strong></span> <span class='ocrx_word' id='word_1_50' title='bbox 770 911 838 953; x_wconf 82' lang='lat' dir='ltr'><strong>vena</strong></span> <span class='ocrx_word' id='word_1_51' title='bbox 865 902 895 951; x_wconf 87' lang='lat' dir='ltr'><strong>ot</strong></span> <span class='ocrx_word' id='word_1_52' title='bbox 916 892 1032 952; x_wconf 82' lang='lat' dir='ltr'><strong>salutati</strong></span> <span class='ocrx_word' id='word_1_53' title='bbox 1052 895 1134 973; x_wconf 81' lang='lat' dir='ltr'><strong>agni·</strong></span> 
     </span>
     <span class='ocr_line' id='line_1_8' title="bbox 100 973 1132 1057; baseline 0.002 -21"><span class='ocrx_word' id='word_1_54' title='bbox 100 978 295 1056; x_wconf 81' lang='lat' dir='ltr'><strong>profiteamur,</strong></span> <span class='ocrx_word' id='word_1_55' title='bbox 316 987 346 1036; x_wconf 91' lang='lat' dir='ltr'><strong>et</strong></span> <span class='ocrx_word' id='word_1_56' title='bbox 366 975 431 1037; x_wconf 88' lang='lat' dir='ltr'><strong>Deo</strong></span> <span class='ocrx_word' id='word_1_57' title='bbox 458 975 542 1036; x_wconf 79' lang='lat' dir='ltr'><strong>dante</strong></span> <span class='ocrx_word' id='word_1_58' title='bbox 564 977 650 1036; x_wconf 89' lang='lat' dir='ltr'><strong>ctiam</strong></span> <span class='ocrx_word' id='word_1_59' title='bbox 676 995 765 1057; x_wconf 84' lang='lat' dir='ltr'><strong>nsque</strong></span> <span class='ocrx_word' id='word_1_60' title='bbox 790 973 825 1035; x_wconf 81' lang='lat' dir='ltr'><strong>ad</strong></span> <span class='ocrx_word' id='word_1_61' title='bbox 854 985 971 1035; x_wconf 84' lang='lat' dir='ltr'><strong>montem</strong></span> <span class='ocrx_word' id='word_1_62' title='bbox 993 987 1132 1052; x_wconf 85' lang='lat' dir='ltr'><strong>nostram,</strong></span> 
     </span>
     <span class='ocr_line' id='line_1_9' title="bbox 101 1058 1134 1142; baseline 0.001 -22"><span class='ocrx_word' id='word_1_63' title='bbox 101 1081 135 1120; x_wconf 88' lang='lat' dir='ltr'><strong>ao</strong></span> <span class='ocrx_word' id='word_1_64' title='bbox 168 1059 233 1120; x_wconf 74' lang='lat' dir='ltr'><strong>{iaici</strong></span> <span class='ocrx_word' id='word_1_65' title='bbox 268 1071 383 1120; x_wconf 81' lang='lat' dir='ltr'><strong>sanctae</strong></span> <span class='ocrx_word' id='word_1_66' title='bbox 412 1061 534 1120; x_wconf 86' lang='lat' dir='ltr'><strong>omnium</strong></span> <span class='ocrx_word' id='word_1_67' title='bbox 562 1060 646 1120; x_wconf 77' lang='lat' dir='ltr'><strong>trium</strong></span> <span class='ocrx_word' id='word_1_68' title='bbox 674 1058 813 1135; x_wconf 74' lang='lat' dir='ltr'><strong>Ordinem</strong></span> <span class='ocrx_word' id='word_1_69' title='bbox 843 1060 1024 1120; x_wconf 78' lang='lat' dir='ltr'><strong>confessione</strong></span> <span class='ocrx_word' id='word_1_70' title='bbox 1050 1058 1134 1142; x_wconf 88' lang='lat' dir='ltr'><strong>(qno-</strong></span> 
     </span>
     <span class='ocr_line' id='line_1_10' title="bbox 124 1142 1134 1224; baseline 0.002 -22"><span class='ocrx_word' id='word_1_71' title='bbox 124 1164 180 1203; x_wconf 86' lang='lat' dir='ltr'><strong>unn</strong></span> <span class='ocrx_word' id='word_1_72' title='bbox 208 1145 313 1204; x_wconf 80' lang='lat' dir='ltr'><strong>veritos</strong></span> <span class='ocrx_word' id='word_1_73' title='bbox 339 1142 397 1203; x_wconf 88' lang='lat' dir='ltr'><strong>Dei</strong></span> <span class='ocrx_word' id='word_1_74' title='bbox 426 1151 483 1204; x_wconf 77' lang='lat' dir='ltr'><strong>tem</strong></span> <span class='ocrx_word' id='word_1_75' title='bbox 512 1144 540 1203; x_wconf 85' lang='lat' dir='ltr'><strong>in</strong></span> <span class='ocrx_word' id='word_1_76' title='bbox 567 1162 621 1215; x_wconf 84' lang='lat' dir='ltr'><strong>ee,</strong></span> <span class='ocrx_word' id='word_1_77' title='bbox 657 1163 737 1224; x_wconf 81' lang='lat' dir='ltr'><strong>quant</strong></span> <span class='ocrx_word' id='word_1_78' title='bbox 771 1144 800 1203; x_wconf 88' lang='lat' dir='ltr'><strong>ia</strong></span> <span class='ocrx_word' id='word_1_79' title='bbox 833 1155 930 1203; x_wconf 78' lang='lat' dir='ltr'><strong>nostra</strong></span> <span class='ocrx_word' id='word_1_80' title='bbox 957 1143 1134 1222; x_wconf 81' lang='lat' dir='ltr'><strong>continetur)</strong></span> 
     </span>
     <span class='ocr_line' id='line_1_11' title="bbox 99 1226 1134 1306; baseline 0.003 -21"><span class='ocrx_word' id='word_1_81' title='bbox 99 1237 187 1287; x_wconf 81' lang='lat' dir='ltr'><strong>tanton</strong></span> <span class='ocrx_word' id='word_1_82' title='bbox 219 1243 386 1306; x_wconf 80' lang='lat' dir='ltr'><strong>permanete</strong></span> <span class='ocrx_word' id='word_1_83' title='bbox 413 1238 442 1287; x_wconf 87' lang='lat' dir='ltr'><strong>et</strong></span> <span class='ocrx_word' id='word_1_84' title='bbox 478 1246 665 1306; x_wconf 77' lang='lat' dir='ltr'><strong>perseverare</strong></span> <span class='ocrx_word' id='word_1_85' title='bbox 694 1227 824 1289; x_wconf 83' lang='lat' dir='ltr'><strong>velimus.</strong></span> <span class='ocrx_word' id='word_1_86' title='bbox 868 1227 932 1301; x_wconf 83' lang='lat' dir='ltr'><strong>Qon</strong></span> <span class='ocrx_word' id='word_1_87' title='bbox 961 1226 988 1286; x_wconf 91' lang='lat' dir='ltr'><strong>in</strong></span> <span class='ocrx_word' id='word_1_88' title='bbox 1020 1246 1053 1288; x_wconf 86' lang='lat' dir='ltr'><strong>re</strong></span> <span class='ocrx_word' id='word_1_89' title='bbox 1081 1249 1134 1288; x_wconf 86' lang='lat' dir='ltr'><strong>nos</strong></span> 
     </span>
     <span class='ocr_line' id='line_1_12' title="bbox 99 1307 1133 1384; baseline -0.001 -16"><span class='ocrx_word' id='word_1_90' title='bbox 99 1322 135 1369; x_wconf 61' lang='lat' dir='ltr'><strong>ret</strong></span> <span class='ocrx_word' id='word_1_91' title='bbox 157 1321 288 1370; x_wconf 84' lang='lat' dir='ltr'><strong>aeternus</strong></span> <span class='ocrx_word' id='word_1_92' title='bbox 311 1322 339 1371; x_wconf 87' lang='lat' dir='ltr'><strong>ct</strong></span> <span class='ocrx_word' id='word_1_93' title='bbox 358 1310 523 1373; x_wconf 77' lang='lat' dir='ltr'><strong>misericors</strong></span> <span class='ocrx_word' id='word_1_94' title='bbox 545 1309 704 1384; x_wconf 80' lang='lat' dir='ltr'><strong>Dominus,</strong></span> <span class='ocrx_word' id='word_1_95' title='bbox 732 1308 814 1371; x_wconf 84' lang='lat' dir='ltr'><strong>Dens</strong></span> <span class='ocrx_word' id='word_1_96' title='bbox 839 1307 1007 1373; x_wconf 73' lang='lat' dir='ltr'><strong>benedictus</strong></span> <span class='ocrx_word' id='word_1_97' title='bbox 1032 1311 1064 1371; x_wconf 90' lang='lat' dir='ltr'><strong>ia</strong></span> <span class='ocrx_word' id='word_1_98' title='bbox 1085 1330 1133 1372; x_wconf 88' lang='lat' dir='ltr'><strong>se.</strong></span> 
     </span>
     <span class='ocr_line' id='line_1_13' title="bbox 108 1393 408 1470; baseline 0.013 -17"><span class='ocrx_word' id='word_1_99' title='bbox 108 1393 280 1470; x_wconf 78' lang='lat' dir='ltr'><strong>seculorum,</strong></span> <span class='ocrx_word' id='word_1_100' title='bbox 303 1393 408 1457; x_wconf 78' lang='lat' dir='ltr'><strong>Amen.</strong></span> 
     </span>
    </p>
   </div>
   <div class='ocr_carea' id='block_1_3' title="bbox 230 1517 1184 1694">
    <p class='ocr_par' dir='ltr' id='par_1_3' title="bbox 230 1517 1184 1694">
     <span class='ocr_line' id='line_1_14' title="bbox 230 1517 1184 1601; baseline 0.001 -6"><span class='ocrx_word' id='word_1_101' title='bbox 230 1529 402 1594; x_wconf 81' lang='lat' dir='ltr'><strong>Sacerdotes</strong></span> <span class='ocrx_word' id='word_1_102' title='bbox 426 1539 455 1589; x_wconf 90' lang='lat' dir='ltr'><strong>ct</strong></span> <span class='ocrx_word' id='word_1_103' title='bbox 477 1518 607 1591; x_wconf 80' lang='lat' dir='ltr'><strong>Ministri</strong></span> <span class='ocrx_word' id='word_1_104' title='bbox 626 1528 755 1601; x_wconf 85' lang='lat' dir='ltr'><strong>Domini,</strong></span> <span class='ocrx_word' id='word_1_105' title='bbox 778 1517 1037 1595; x_wconf 79' lang='lat' dir='ltr'><strong>etPraodicatotee</strong></span> <span class='ocrx_word' id='word_1_106' title='bbox 1058 1529 1132 1595; x_wconf 79' lang='lat' dir='ltr'><strong>Sm-</strong></span> <span class='ocrx_word' id='word_1_107' title='bbox 1180 1589 1184 1596; x_wconf 90' lang='lat'>.</span> 
     </span>
     <span class='ocr_line' id='line_1_15' title="bbox 312 1612 878 1694; baseline 0.004 -21"><span class='ocrx_word' id='word_1_108' title='bbox 312 1615 351 1674; x_wconf 90' lang='lat' dir='ltr'><strong>cti</strong></span> <span class='ocrx_word' id='word_1_109' title='bbox 373 1612 526 1694; x_wconf 81' lang='lat' dir='ltr'><strong>Evangelii</strong></span> <span class='ocrx_word' id='word_1_110' title='bbox 544 1615 574 1674; x_wconf 93' lang='lat' dir='ltr'><strong>in</strong></span> <span class='ocrx_word' id='word_1_111' title='bbox 596 1612 712 1676; x_wconf 82' lang='lat' dir='ltr'><strong>Unite&#39;te</strong></span> <span class='ocrx_word' id='word_1_112' title='bbox 731 1613 878 1677; x_wconf 76' lang='lat' dir='ltr'><strong>Fratrum.</strong></span> 
     </span>
    </p>
   </div>
   <div class='ocr_carea' id='block_1_4' title="bbox 0 0 1337 4928">
    <p class='ocr_par' dir='ltr' id='par_1_4' title="bbox 0 0 1337 4928">
     <span class='ocr_line' id='line_1_16' title="bbox 0 0 1337 4928; baseline 0 0"><span class='ocrx_word' id='word_1_113' title='bbox 0 0 1337 4928; x_wconf 95' lang='lat' dir='ltr'><strong> </strong></span> 
     </span>
    </p>
   </div>
  </div>
 </body>
</html>
