2648 4928
240 308 322 404 (lap.
339 312 378 381 ·l.
428 314 482 384 lle
508 313 625 383 diviua
650 315 975 405 praeoccupatione·
1085 281 1161 401 695

97 510 125 552 ra
152 493 265 558 unicum
299 489 444 572 praedicat
469 470 697 571 beneplacitum,
733 497 927 577 propositam,
956 512 985 562 et
1010 506 1160 568 consilium

97 579 195 637 tutatis
216 577 291 648 lici,
323 579 377 656 q'uo
408 595 460 635 nos
481 576 658 673 aboacterno
679 579 767 676 elegit
786 579 822 641 atl
844 584 966 662 gratiam
987 596 1018 648 et
1037 587 1074 649 atl
1095 591 1158 669 glo·

97 659 379 805 :albentleqqlupalutem
400 669 430 719 et
449 657 487 719 atl
507 679 581 722 stam
603 659 724 736 salutm,
757 682 839 744 quam
859 671 1041 752 praeparavit
1071 674 1157 734 utin
1199 665 1205 681 ¹

567 877 626 941 tx.

123 995 230 1057 llatlom
253 995 323 1055 haec
344 995 447 1055 electio
469 995 544 1057 iacta
565 1006 616 1081 ast
629 1016 687 1060 non
711 1018 749 1060 ex
775 1002 908 1082 praevisa
922 1001 1009 1077 tta,
1031 1004 1153 1090 fideique

98 1075 217 1153 tentia,
247 1080 420 1151 sanctitate,
450 1090 498 1139 aut
524 1081 580 1140 alia
610 1081 705 1162 aliqua
732 1083 806 1144 bona
825 1087 961 1166 qualitate
981 1099 1011 1150 et
1031 1089 1153 1172 disposi-

101 1181 127 1235 e,
149 1176 280 1245 tanquam
301 1183 402 1224 caussa
426 1182 477 1224 seu
498 1163 664 1224 conditione
685 1167 713 1224 in
741 1165 865 1230 bomiue'
883 1170 1013 1252 eligendo
1035 1194 1151 1252 praere-

98 1246 150 1322 ita,
169 1247 229 1313 set
245 1245 281 1306 ad
303 1245 399 1321 iidem,
424 1245 546 1327 litlcique
565 1230 769 1322 obedientiim,
790 1254 982 1328 sanctitatem,
1004 1267 1062 1320 ete.
1103 1259 1150 1318 Ac
1208 1252 1214 1271 '

98 1328 154 1393 ade
178 1333 280 1392 electio
302 1341 346 1390 est
360 1331 426 1403 ¹ioue
446 1332 538 1392 omnis
560 1332 692 1392 salmuris
713 1332 801 1395 bonis
824 1326 910 1398 unde*
929 1335 1019 1414 filet,
1043 1344 1150 1402 saneti·

117 1415 278 1497 etreliqua
298 1413 372 1474 (lona
392 1413 538 1490 salvifica,
569 1416 633 1496 ipsa
652 1414 775 1499 denique
795 1418 854 1480 rita
873 1431 1013 1497 aeterna,
1038 1433 1069 1483 ut
1088 1423 1150 1485 iru-

122 1511 155 1561 ct
182 1498 302 1559 ollactus
326 1499 389 1558 eius
419 1499 578 1595 prolluuut,
604 1498 758 1567 secuudum
780 1498 849 1564 illoti
871 1502 1025 1585 Apostolia
1051 1508 1149 1587 Elegit
1250 1555 1253 1567 .

98 1576 178 1662 (nou
197 1583 266 1663 quia
282 1601 407 1654 eramus,
430 1578 507 1726 sel&
518 1593 553 1644 ut
572 1603 698 1644 essemus
716 1588 813 1648 suncti
826 1597 857 1649 et
877 1579 1067 1672 &abbatitio
1079 1611 1147 1653 con-

98 1674 131 1727 m
149 1668 211 1729 eius
230 1669 261 1728 tir
281 1667 437 1728 claritate.
507 1664 591 1749 phos.
613 1665 642 1741 1,
666 1672 699 1761 4.

566 1832 609 1898 Χ.

104 1947 224 2009 Caussa
248 1968 318 2009 vero
340 1947 424 2009 buius
444 1951 585 2027 gratuitae
606 1949 774 2026 electionis,
802 1963 849 2014 est
870 1953 960 2016 solum
979 1952 1039 2018 Dei
1058 1957 1147 2019 beas·

98 2039 174 2104 tum,
198 2052 254 2092 non
278 2033 307 2092 in
330 2051 365 2092 eo
389 2034 568 2105 consistens,
597 2034 673 2113 quoti
701 2047 794 2098 certas
813 2038 964 2117 qualitates
984 2059 1037 2101 seu
1056 2042 1146 2102 actio-

99 2112 252 2188 bumauas,
276 2136 313 2175 ex
336 2117 463 2175 omnibus
484 2117 678 2196 possibilibus,
701 2121 731 2179 iu
753 2121 853 2191 salutis
874 2119 1064 2184 coemtionem
1087 2124 1147 2184 ele·

102 2197 164 2260 sat
185 2201 213 2258 in
232 2217 280 2271 eo,
301 2197 375 2279 quotl
397 2210 491 2259 certas
512 2198 647 2279 quasdam
670 2214 807 2281 personas
828 2223 865 2264 ex
885 2207 1027 2267 communi
1043 2225 1146 2287 peeca-

99 2299 121 2343 m
143 2281 321 2344 multitudine
343 2282 398 2344 sibi
426 2283 455 2342 im
481 2283 620 2364 peculium
641 2283 780 2363 adscivit,
816 2287 891 2349 sicat
917 2290 1054 2368 scriptum
1081 2299 1165 2350 esta‘

99 2364 161 2427 lam
180 2369 395 2447 metropatoris,
423 2386 487 2427 cum
515 2387 607 2447 nequo
633 2369 706 2430 boua'
770 2368 777 2387 '
818 2372 824 2386 ‘
883 2367 1027 2451 secesserat
1052 2392 1145 2451 neque
1191 2368 1195 2373 ’

99 2488 116 2522 ,
139 2461 197 2513 etc.
217 2452 323 2512 dictum
348 2461 394 2511 est
420 2455 537 2530 (nempe
556 2449 721 2524 Rebeccae,
768 2455 869 2515 Maabr
894 2456 1001 2516 rerot’st
1025 2456 1142 2530 mritom',

120 2536 257 2614 scriptum
279 2546 335 2606 est,
357 2534 445 2595 Iacob
466 2537 569 2607 deieci,
590 2536 671 2599 Esou
690 2538 756 2596 odio
772 2537 885 2597 babuci·
907 2536 1159 2613 ·tton.1x,ar,···=

99 2623 173 2762 laq
203 2615 469 2762 Effirediderunt
491 2628 628 2698 quotquot
647 2617 866 2682 emtordinati
887 2620 924 2683 atl
943 2623 1147 2691 vitamaetera

173 2711 212 2762 ct.
308 2745 319 2774 ,
344 2706 395 2763 48.

557 2843 615 2914 xt.

111 2966 206 3048 Atque
226 2977 256 3027 nt
272 2918 352 3028 llleus
373 2969 434 3046 ipse
452 2979 497 3028 est
509 2968 745 3048 sapientissimus,
767 2967 960 3042 immutabilis,
973 2969 1141 3042 omniscius,

99 3053 275 3131 unipotens:
299 3054 338 3111 ita
360 3051 463 3111 electio
483 3051 519 3112 ab
541 3055 604 3131 ipso
626 3053 700 3111 iacta
729 3071 783 3111 nee
805 3053 985 3132 interrumpi,
1005 3073 1060 3113 nec
1082 3075 1143 3112 mu-

109 3137 260 3233 ·revocau',
282 3146 329 3196 aut
350 3135 491 3216 abrumpi,
513 3155 570 3196 nee
590 3136 677 3196 electi
698 3135 798 3209 abiici,
818 3154 872 3197 aec
890 3156 1023 3198 uumerus
1044 3157 1142 3198 corum

100 3238 118 3278 a
138 3229 243 3300 potest.

551 3355 621 3417 ΧΠ.

113 3472 159 3534 lle
179 3473 233 3533 bae
254 3484 370 3533 aeterna
390 3474 419 3533 et
439 3473 604 3534 immutabili
622 3473 668 3532 sui
688 3469 725 3532 ati
745 3472 863 3534 salutem
887 3473 1039 3545 electione,
1060 3475 1143 3534 electi

106 3569 243 3637 tempore,
268 3560 356 3617 variis
377 3557 443 3617 licat
463 3554 600 3636 gradibus
631 3567 661 3616 ct
687 3554 732 3616 'rtis
752 3559 795 3618 ari
823 3575 974 3631 mensura,
1003 3560 1144 3618 certiores

102 3653 197 3713 untur,
221 3662 276 3700 non
299 3640 411 3720 quirlcm
433 3660 539 3700 arcana
560 3650 590 3699 et
621 3577 828 3719 prolunrlltates
849 3637 908 3699 Dei
929 3642 1042 3701 curiose
1062 3661 1144 3702 seru·

100 3744 134 3798 ⁰3
157 3725 209 3784 scd
231 3726 339 3784 iunctus
362 3725 512 3784 electionis
536 3723 710 3795 infallibiles,
734 3725 763 3783 in
785 3723 873 3785 verbo
887 3722 945 3784 Dei
966 3724 1141 3804 designatos,

100 3820 146 3868 unt
168 3829 236 3869 vera
258 3811 286 3868 in
308 3808 452 3868 Christum
474 3805 562 3879 lirlcs,
591 3807 684 3865 lilialis
708 3804 767 3866 Dei
789 3809 892 3879 timor,
917 3806 998 3868 tlolor
1018 3807 1055 3867 de
1077 3827 1143 3887 pcc·
1237 3824 1240 3829 ’

100 3916 102 3946 ;
125 3891 279 3953 secunlum
302 3892 407 3964 Deum,
429 3891 539 3951 esuries
560 3900 590 3949 et
610 3891 673 3948 sitis
695 3890 830 3964 iustitiae,
854 3903 912 3954 etc.
942 3893 970 3952 in
994 3910 1059 3952 sese
1080 3911 1144 3950 cum

103 3978 169 4037 tuali
190 3977 294 4057 gautlio
317 3987 347 4036 et
367 3985 467 4036 sancta
488 3972 631 4053 voluptate
652 3971 842 4036 ausemano,

543 4137 630 4200 xut.
687 4115 689 4118 ’

114 4259 162 4320 Ex
183 4222 266 4320 lluius
288 4261 437 4320 electionis
460 4277 546 4318 sensu
574 4269 606 4318 et
632 4257 822 4330 certitudine,
848 4258 897 4318 lilii
922 4256 981 4319 Dei
1011 4259 1145 4317 maiorem
1169 4252 1172 4257 ’

100 4365 125 4408 as
158 4362 224 4406 sese
251 4343 431 4406 ceramsllco
455 4340 628 4415 humiliandi,
651 4341 785 4425 abyssum
804 4338 1064 4417 ptimricortliarum
1085 4342 1162 4452 eius!
