2648 4928
90 338 93 343 ·
139 256 146 345 Ἰ
171 332 222 412 st
530 334 696 428 annun
717 331 796 407 mu
820 335 918 404 nvn.
948 374 952 383 -

169 519 249 579 stulti
270 534 381 597 quoque
403 524 560 594 opportune
581 513 669 573 locuti
690 523 773 586 sunt,
801 523 832 574 et
848 514 955 573 veritas
983 512 1044 591 ipsa
1065 511 1156 575 imbec

168 605 211 663 les
239 621 273 661 ac
303 600 415 659 infimae
443 599 529 657 sortis
556 597 685 657 homiues
711 596 748 657 ad
772 599 816 659 sui
842 595 1062 675 divulgationem
1092 615 1109 656 e

168 684 281 746 Deinde
303 694 336 742 nt
354 682 538 741 memineritis
558 702 609 741 vos
631 700 743 761 qnoque
763 682 892 742 hominen
912 700 993 751 esse,
1017 679 1066 759 qui
1087 595 1156 773 οῑῚ

168 781 198 830 et
219 769 256 837 ab
275 767 338 827 aliis
360 765 420 824 lulli
440 766 566 844 possint,
590 765 692 824 Omnis
713 766 788 826 enim
808 766 892 825 bomo
913 762 1035 824 mendax
1053 772 1110 823 est.
1143 784 1156 831 ·.ι

169 854 226 913 uisi
252 850 374 911 numinis
399 845 504 908 adflatu
530 847 607 908 aliu'd
637 846 775 908 doceatur
794 868 878 929 quam
906 848 967 928 ipse
988 847 1034 907 vel
1056 847 1156 911 scistt

168 937 280 1016 cupiat,
304 933 374 993 nibil
398 930 434 991 de
454 951 489 991 eo
511 930 679 1011 sperandum
700 943 745 991 est
764 930 848 1013 qnam
869 929 945 1011 quod
966 931 1025 990 suis
1040 930 1156 995 nrtibu·

168 1018 295 1079 consiliis
315 1018 438 1095 seipsum
460 1017 638 1095 praecipitet.
656 1078 662 1089 ,
680 1015 776 1075 Nimis
797 1017 872 1075 enim
887 1034 956 1075 vero
970 1015 1043 1075 dixit
1056 1004 1156 1077 land

167 1102 323 1184 propbeta:
361 1098 440 1158 Ecce
459 1098 574 1158 verbum
597 1098 713 1158 Domini
739 1099 922 1170 abiecerunt,
952 1117 1025 1179 quse
1051 1117 1124 1179 crgo
1140 1106 1156 1171 t

167 1185 306 1264 sapientia
327 1182 437 1263 reliqua
458 1200 521 1242 esse
541 1184 665 1263 poterit?
698 1182 881 1263 Quapropter
899 1200 964 1241 cum
986 1183 1040 1262 ipsi
1062 1176 1156 1253 iustid

167 1270 229 1327 sitis
251 1267 409 1338 antistites,
433 1265 526 1325 nullos
547 1285 637 1345 aeque
652 1277 765 1346 oportet
784 1267 906 1326 numinis
931 1262 1156 1349 voluntatensfi

90 1365 94 1373 ·
166 1362 291 1432 spectum
314 1350 431 1410 babere.
453 1349 548 1423 -Quae
569 1348 643 1409 unde
664 1352 722 1428 peti
743 1369 826 1429 quun
847 1369 884 1410 cx
900 1349 976 1408 illius
991 1349 1118 1410 oraculis
1144 1414 1147 1419 ,

166 1439 232 1495 esti
259 1434 307 1494 Ne
327 1435 415 1513 igitur
435 1432 612 1492 abhorreatis
633 1432 669 1491 ab
691 1434 803 1493 illorum
830 1434 996 1506 sententiis,
1026 1434 1076 1513 qui
1103 1350 1156 1517 '³

165 1518 224 1578 Dei
245 1519 383 1578 nituntur.
426 1516 503 1576 Nam
525 1514 555 1575 id
574 1516 635 1576 lere
655 1517 806 1577 usuvenire
832 1516 976 1587 videmus,
1008 1527 1080 1589 ut,-
1144 1582 1150 1593 ι

167 1602 258 1681 magis
279 1611 438 1680 repugnent
458 1597 631 1683 advewii,
655 1611 734 1659 tanto
755 1600 846 1680 magis
865 1611 895 1660 et
915 1598 984 1659 illud
998 1526 1156 1679 spleni:

166 1697 198 1745 et
225 1685 333 1745 saisitus
361 1684 533 1743 eliminetur.
577 1680 662 1757 Quod
691 1685 734 1756 si,
765 1682 841 1763 qnod
862 1702 906 1744 me
927 1704 984 1743 non
1006 1685 1099 1762 fugit,
1126 1698 1156 1747 Ι

168 1769 216 1850 qui
245 1780 359 1827 strenue
386 1765 461 1847 apud
487 1786 538 1827 vos
566 1777 690 1827 nostram
719 1760 878 1840 inscitiam,
911 1777 941 1826 et
960 1768 986 1826 si
1008 1766 1064 1827 diis
1084 1766 1156 1848 pind

166 1852 306 1911 maliciam
329 1870 441 1931 quoque
462 1848 630 1921 traducant,
660 1851 714 1911 boc
743 1870 854 1932 quoque
875 1850 1020 1911 vobiscum
1048 1848 1156 1931 repuli

167 1937 287 2016 prinum
310 1954 346 1994 an
368 1935 417 2014 qui
446 1935 529 1993 istam
550 1934 701 2013 Evangelii
720 1936 965 2014 eucharistiaeque
985 1935 1156 1999 mdonen'l

167 2020 297 2098 qnimnr,
329 2018 414 2077 vitam
436 2028 560 2078 nostram
589 2038 711 2097 uuquam
733 2019 775 2078 sie
796 2019 1018 2091 instituerimus,
1050 2020 1156 2093 ut&

167 2102 304 2162 bonorum
325 2101 450 2161 virorum
478 2103 541 2162 loco
568 2100 689 2161 babendi
710 2103 815 2175 simus,
846 2102 994 2182 quisquam
1020 2101 1156 2183 bonusq

167 2205 250 2265 quam
262 2183 452 2245 dubitaverit?
473 2184 586 2245 Deinde
605 2205 671 2245 num
685 2186 722 2244 ab
733 2185 902 2246 incunabilis
918 2186 986 2265 ipsis
1001 2185 1041 2244 itn
1055 2184 1156 2329 lues:

166 2269 203 2329 ab
219 2269 335 2347 ingenio
355 2279 385 2328 et
397 2288 415 2326 a
429 2268 520 2328 literis
533 2269 630 2340 alieni,
649 2280 681 2328 ut
695 2268 863 2329 eruditionis
884 2287 949 2348 spes
960 2270 1051 2329 omnis
1066 2266 1103 2331 de
1120 2270 1124 2276 '

165 2349 326 2411 abiicienda
346 2352 452 2411 luoriti
474 2350 560 2412 Corte
575 2349 611 2410 dc
633 2363 734 2411 ncutro
752 2354 869 2412 istorum
890 2352 1058 2431 gloriam,
1077 2364 1154 2413 ιιι·

165 2433 273 2494 Paulus
284 2436 344 2514 ipse
354 2434 411 2495 Dei
421 2455 536 2495 munere
546 2447 633 2507 esset,
646 2434 804 2514 quoderat.
820 2434 955 2496 Attamen
967 2437 1036 2506 vitu,
1045 2430 1156 2497 sionni

165 2519 285 2580 bilnrior
298 2521 428 2597 contigit,
449 2539 485 2579 ea
498 2530 591 2579 tamen
607 2538 698 2598 neque
715 2517 749 2579 ed
767 2520 860 2578 luxum
875 2530 905 2578 et
925 2517 1156 2599 impudentiam!

165 2621 247 2682 quam
259 2600 389 2674 descivit,
407 2623 497 2682 neque
509 2622 606 2663 rursus
618 2601 861 2673 incrudelitatem,
873 2604 974 2661 fastum
986 2612 1036 2660 nut
1046 2612 1156 2662 contu!

166 2688 239 2744 cium
262 2684 458 2764 degeneravit,
481 2688 522 2746 ita
543 2697 575 2746 ut
596 2688 756 2746 testimonio
778 2689 852 2746 vitae
874 2684 1100 2745 adversariorum
1121 2702 1156 2759 ott

166 2770 231 2828 silia
266 2788 469 2850 saepenumero
504 2770 625 2839 attonita
657 2771 784 2849 receptui
819 2771 986 2829 cecinerint.
1045 2766 1155 2829 Erudd

166 2854 293 2932 quamvis
322 2856 413 2912 maior
440 2855 477 2912 sit
505 2874 587 2934 quam
619 2854 714 2914 bostcs
743 2865 792 2913 ant
820 2853 895 2913 serre
922 2855 1032 2933 possint
1059 2850 1154 2913 nutui

166 2937 341 2995 conscientia
363 2949 562 3005 contemnere,
586 2949 680 2997 tamen
703 2938 787 3015 longe
804 2949 848 2996 est
862 2939 981 2997 inferior
994 2957 1078 3016 quam
1093 2947 1154 2995 tenu

166 3037 219 3075 uos
241 3032 442 3097 prosequentes
471 3021 633 3099 opinentur.
678 3021 890 3092 Veruntamen,
922 3032 953 3079 ut
980 3040 1015 3080 eo
1043 3018 1154 3100 perveu'

167 3118 304 3177 musque
327 3101 483 3172 tendimus,
508 3104 547 3160 ita
569 3105 623 3160 iam
645 3106 726 3162 annis
749 3102 823 3161 baud
846 3106 943 3185 paucis
965 3124 1028 3163 cum
1044 3100 1156 3175 indivis

166 3193 226 3241 tum
256 3184 285 3243 iu
313 3185 443 3243 humanis
464 3186 553 3243 literis
580 3188 720 3265 stipendia
745 3188 883 3260 fecimus,
921 3199 951 3245 ut
981 3200 1087 3247 temere
1113 3204 1155 3266 qut

166 3264 301 3324 docemus
322 3288 377 3326 non
399 3269 446 3326 sit.
491 3268 591 3327 Liceat
616 3281 709 3328 autem
732 3271 813 3330 nobis
833 3273 953 3351 gratiam
975 3283 1004 3330 ot
1025 3270 1156 3330 munides

168 3349 235 3407 tiam
257 3347 332 3420 Ilei,
371 3352 501 3409 ecclesiis
531 3353 634 3411 nostris
662 3353 817 3414 liberaliter
844 3356 1031 3435 impartitam,
1065 3350 1156 3414 landav

168 3431 303 3491 Proiecto
325 3437 366 3493 sie
389 3447 558 3514 receperunt
577 3436 693 3494 verbum
715 3436 831 3497 Domini
851 3439 1018 3515 Ecclesiae,
1043 3432 1156 3519 quael)

33 3549 35 3553 ι
72 3518 272 3595 niver-minum
295 3516 388 3577 Deum
411 3539 462 3597 per
483 3540 533 3577 nos
556 3519 690 3589 audiunt,
715 3533 745 3579 ut
760 3521 935 3582 mendacium
949 3519 1156 3602 etpcrlidiaes

1 3584 331 3686 ἰζξξιζιζῖἧιιιὴιιιιιιη
365 3605 532 3681 franguntur
553 3614 645 3662 autern
674 3605 762 3664 iustus
784 3617 813 3667 ct
834 3607 934 3677 luxus,
963 3617 993 3664 et
1021 3602 1156 3666 contumel

5 3698 144 3753 praedicant
168 3704 202 3742 ac
225 3688 396 3763 vstrlutsgatio
418 3685 450 3746 ἐκ
471 3687 572 3747 ποδῶν
600 3687 752 3748 facessant.
804 3690 860 3764 Qui
889 3700 968 3749 certe
994 3689 1056 3748 veri
1084 3688 1156 3749 true

169 3766 256 3826 divini
279 3769 397 3828 adllntus
419 3772 443 3828 si
466 3791 520 3829 nou
543 3782 623 3841 sunt,
648 3774 760 3851 quinam
783 3778 888 3832 erunt?
907 3771 1156 3833 consideratam·

32 3908 42 3929 .
169 3862 200 3909 tu
222 3871 239 3909 o
262 3850 369 3912 Caesar
390 3855 511 3931 optime,
543 3865 572 3913 et
601 3876 651 3913 vos
680 3859 821 3935 principes
843 3877 876 3916 uc
899 3876 1033 3936 proceres
1053 3856 1156 3915 unirent

6 3932 237 4014 nstantia-etquid
266 3956 350 4014 porro
379 3937 459 3995 uobis
489 3938 579 3997 brinno
608 3940 698 4017 frugis
730 3941 867 3999 buumnnc
896 3940 1156 4019 doctrinae-pem

6 4010 93 4104 22:2¹ss
107 4010 159 4103 ἐξῇ·
170 4019 329 4098 protulcrit.
373 4021 548 4100 llcdrmptae
568 4022 678 4081 Missae
699 4043 760 4082 cuin
777 4026 932 4104 principum
949 4035 1006 4082 tum
1024 4022 1117 4103 plebis
1131 4020 1156 4083 tl

29 4119 127 4163 mutinae.
170 4102 263 4161 dinem
286 4114 371 4182 atquc
392 4107 551 4182 primariam
575 4118 605 4164 ut
625 4119 783 4177 auxerunt,
807 4109 845 4166 ita
867 4109 1031 4186 poetilio-um
1048 4108 1144 4167 luxum

171 4187 348 4244 missatorum
370 4190 513 4265 crapulam
535 4202 565 4248 ct
587 4190 753 4248 invexerunt
775 4201 804 4249 ct
816 4192 996 4270 ampliarunt.
1044 4190 1105 4248 lmo
1120 4207 1156 4269 qu

171 4271 250 4327 nebvs
273 4291 328 4327 non
351 4269 556 4331 incenderunt?
584 4293 652 4353 opes
673 4275 747 4332 euim
770 4293 841 4353 quac
864 4295 915 4353 per
944 4278 1059 4333 niissuns
1082 4292 1156 4333 cenet

172 4364 252 4411 rutae
274 4358 422 4434 suntquis
444 4353 608 4436 dissipabit,
639 4359 693 4416 nisi
715 4358 743 4416 in
765 4360 843 4417 venis
865 4358 1033 4417 obturentur
1053 4370 1083 4418 et
1102 4368 1156 4417 stru
