2648 4928
446 301 501 371 De
524 301 701 370 coetibuto.
1072 297 1149 380 815

93 483 210 541 itotem.
255 477 296 538 Et
315 476 454 539 Dominus
482 479 544 558 ipsc
564 476 742 540 eonimeudat
770 499 837 553 eos,
867 482 914 564 qni
942 502 975 546 ae
999 486 1153 550 anneot

93 577 152 625 ster
174 583 292 642 regnum
309 561 378 622 Dei.
423 561 565 642 oportere
582 572 674 623 antem
688 563 803 637 docent,
827 583 878 625 eos
930 566 1094 631 icoelibem
1109 573 1152 633 ri·

110 648 293 726 delegerunt,
309 644 344 704 ad
359 643 388 704 id
400 664 508 705 summa
526 666 592 726 ope,
611 644 685 726 qnod
695 646 850 728 Apostolus
863 648 901 709 ba
939 660 962 724 t,
976 652 1151 719 contendere

93 733 158 803 niti,
183 741 215 790 ut
235 749 298 790 cum
317 730 421 808 primis
450 729 671 810 bonisopcribus
693 733 834 813 praesint,
854 742 885 793 ut
905 732 1066 799 aintesneti
1086 759 1152 802 cor·

93 825 157 873 ret
177 834 190 872 s
213 815 290 873 initu.

118 835 234 958 Docepot
255 907 423 976 praetcrea,
445 907 476 956 ot
497 896 544 976 qni
561 914 600 965 ¹se
622 895 793 972 coelibatui,
816 897 945 961 omnibns
967 902 1083 964 interim
1104 923 1153 967 re·

122 980 222 1060 quibos
244 981 318 1040 vitae
348 982 464 1040 castitas
487 983 652 1040 conservari
674 983 781 1061 possit,
806 981 960 1062 diligenter
978 983 1083 1067 diuque
1100 1000 1154 1050 'ea-

93 1065 146 1137 ri's,
168 1063 297 1124 consulto
320 1061 471 1135 dedicerit,
494 1064 548 1124 boe
569 1064 674 1138 auimo,
700 1074 731 1124 ut
751 1065 779 1124 iu
800 1064 936 1128 Ecclesie
956 1067 1035 1142 Dei,
1058 1071 1153 1153 eliqnn

93 1148 334 1208 tarimioisterio
363 1149 515 1226 iungatur,
545 1157 575 1206 et
599 1146 683 1209 lidem
710 1145 824 1209 dederit
852 1148 919 1211 Dee
944 1150 1153 1235 Ecclesiaeque

93 1274 114 1302 .
135 1251 169 1293 sc
188 1239 268 1291 caste
290 1230 458 1290 coelibatum
482 1240 670 1305 servaturum,
699 1231 778 1305 ideo,
799 1235 888 1294 nteit
909 1233 944 1297 sd
965 1236 1020 1297 buc
1043 1224 1153 1299 cdrisrt

93 1315 245 1395 feriaeque
264 1315 448 1373 ministerium
469 1314 533 1393 (eui
553 1332 587 1374 se
608 1315 754 1376 liberrime
777 1319 968 1396 consecrarit)
995 1320 1154 1402 expeditior

93 1397 225 1479 liorqne.
268 1396 369 1456 Talem
390 1399 444 1457 iarn
465 1397 502 1458 ed
521 1396 743 1460 contrabendum
765 1401 985 1475 matrimonium,
1009 1406 1055 1464 sni
1068 1406 1151 1479 iuris,

93 1493 185 1555 untes,
202 1502 257 1541 non
271 1500 348 1552 esse,
364 1492 495 1560 excepta,
511 1491 541 1540 nt
554 1482 687 1561 Apostoli
708 1481 807 1543 verbio
821 1492 944 1559 numus,
968 1487 1081 1549 nodone
1099 1488 1153 1550 boe

113 1568 140 1625 si
158 1567 186 1626 ei
200 1566 228 1624 lu
241 1565 380 1625 coelibatu
397 1566 560 1644 contigerit,
580 1575 610 1624 ot
622 1567 662 1625 itu
682 1576 799 1651 uratur„
813 1566 845 1626 nt
865 1587 920 1630 nec
941 1569 997 1629 ullo
1019 1573 1153 1646 consilio,

93 1651 179 1722 rina,
202 1650 407 1728 castigatione,
437 1660 485 1708 unt
514 1649 621 1707 monito
647 1649 928 1712 ostionem'domure
947 1662 996 1714 aut
1017 1654 1154 1717 cohibere

93 1735 139 1794 ir.
182 1731 254 1792 Nam
278 1742 308 1791 nt
329 1733 367 1804 is,
392 1732 439 1812 qni
460 1750 492 1792 se
512 1731 690 1793 matrimonio
711 1735 936 1814 mancipaverit,
966 1756 1022 1798 nou
1043 1748 1090 1798 est
1109 1741 1155 1800 sni

93 1838 101 1867 ι
131 1827 161 1876 ot
182 1826 279 1889 antea,
299 1817 339 1874 ite
360 1825 391 1875 et
411 1815 459 1896 qni
482 1835 515 1877 se
535 1813 657 1888 Christo,
671 1825 701 1876 et
719 1815 872 1880 Ecclesiae
893 1820 956 1879 eius
973 1820 1002 1880 in
1021 1822 1155 1887 ministe-
1220 1868 1234 1889 .

93 1919 114 1959 ι
134 1899 264 1972 devovit,
287 1897 482 1977 Ministerinm
506 1899 577 1972 boc,
605 1901 698 1960 omnis
720 1902 1048 1985 generisvoluptatibus
1070 1925 1155 1987 prae·

93 2000 120 2043 ε
138 1983 234 2057 debet,
255 1985 336 2044 coion
358 1985 452 2060 gratia
473 1984 567 2043 omnia
588 1985 693 2056 etiam,
721 1994 752 2044 et
779 1987 921 2067 propriam
950 1987 1037 2049 vitam
1065 1989 1155 2059 abue-

93 2085 113 2120 ι
137 2075 259 2128 tenetur.
304 2065 400 2124 Habet
431 2064 501 2125 baec
529 2066 696 2127 castimonia
720 2068 796 2127 vitae
826 2079 855 2127 et
873 2069 1045 2148 voluptatum
1067 2070 1155 2132 absti-

93 2152 148 2220 .iu,
172 2162 264 2212 certas
286 2147 420 2229 quosdam
444 2148 649 2227 promissiones
668 2149 752 2209 buius
771 2159 802 2210 et
822 2151 935 2212 loturae
948 2153 1037 2228 vitae,
1059 2153 1155 2216 Marci

137 2234 280 2294 Rursum:
305 2232 362 2306 Qui
385 2251 440 2290 non
459 2240 585 2310 pugnant
604 2250 667 2291 com
695 2233 935 2311 concupiscentiis
956 2244 986 2295 et
1006 2238 1154 2299 allectibus

109 2318 155 2390 is,
177 2317 250 2376 adeo
272 2326 303 2373 ut
326 2316 440 2391 cupiant
460 2316 592 2385 vincere,
621 2315 652 2374 bi
680 2315 818 2374 obiiciunt
845 2314 949 2377 donum
976 2318 1031 2378 sibi
1051 2338 1068 2385 a
1088 2320 1154 2382 Deo

93 2412 182 2475 stum,
206 2404 336 2460 amittunt
352 2399 489 2477 Spiritum
502 2408 641 2472 sanctum,
665 2408 696 2457 et
715 2408 782 2457 sunt
798 2397 970 2461 offendiculo
987 2399 1153 2480 Ecclesiae,

93 2501 123 2544 ιι
145 2505 195 2545 ιιι
217 2485 407 2558 inconstantia
428 2481 599 2541 labefactant
621 2491 652 2541 et
672 2481 810 2541 lacerant.

125 2568 281 2629 Praeterea
302 2565 421 2638 docent,
450 2563 525 2624 dona
553 2567 707 2643 gratiarnm
732 2563 884 2644 diligenter
909 2565 946 2628 ab
973 2569 1103 2632 omnibns
1124 2582 1172 2633 et'

93 2669 150 2713 nuo
170 2651 263 2711 studio
284 2647 478 2711 conservando
502 2667 579 2719 esse,
604 2650 644 2708 ita
665 2648 772 2709 nemini
785 2650 931 2730 imponunt
944 2653 1037 2732 iugum
1052 2654 1155 2716 intole-

93 2732 150 2810 le,
170 2756 233 2796 com
253 2734 446 2793 conscientiae
475 2730 662 2805 offendiculo,
691 2751 789 2792 verum
818 2735 883 2813 quia
910 2749 1027 2816 propter
1049 2739 1155 2802 bouum

93 2837 189 2890 nem,
220 2828 250 2880 et
278 2828 309 2876 ot
336 2817 442 2876 Paulos
464 2816 522 2889 eit,
550 2826 668 2897 propter
695 2815 799 2878 bonnm
820 2816 954 2880 Scblsma
974 2823 1068 2882 omnis
1090 2824 1155 2885 lieri

93 2915 163 2964 eant
184 2905 213 2960 in
235 2901 379 2959 Ecclesia.
482 2962 485 2968 ,
681 2952 684 2959 .

124 2988 253 3048 Censeot
280 3003 317 3043 ex
346 3002 377 3042 re
405 2981 556 3043 Ecclesiae
583 3001 649 3044 esse
674 2992 705 3044 et
726 2980 906 3047 commodare
925 2980 1058 3066 publicae
1076 2997 1156 3050 tram

97 3070 189 3140 itari,
213 3079 245 3126 ut
266 3067 312 3139 is,
341 3066 388 3144 qoi
420 3067 570 3126 continere
596 3087 652 3127 uso
678 3076 790 3147 potest,
813 3064 927 3129 delerat
951 3088 1014 3130 eam
1037 3056 1156 3134 remed

93 3153 246 3213 esidentes
270 3151 298 3209 iu
325 3149 478 3222 Ecclesia,
511 3169 629 3230 quornm
659 3150 811 3211 autoritate
837 3162 868 3213 et
892 3152 1015 3215 consilio
1046 3165 1153 3216 utatur.

93 3248 136 3297 ut
157 3237 234 3297 enim
265 3232 419 3294 Ecclesiae
442 3234 611 3307 ministrnm,
635 3231 786 3295 Ecclesiae
812 3243 842 3295 et
862 3235 980 3297 fratrum
1001 3240 1156 3300 autoritate

93 3318 135 3381 ἰι
157 3321 272 3390 locere,
303 3328 334 3376 ut
356 3318 391 3377 sit
412 3317 475 3376 aliis
496 3317 570 3377 bono
591 3319 739 3398 exemplo:
769 3315 809 3378 Et
839 3320 931 3380 minus
954 3331 1108 3402 peccatur,
1129 3325 1156 3384 si
1180 3376 1183 3382 .

93 3418 151 3477 tm,
171 3404 218 3484 qni
239 3401 376 3482 Spiritum
400 3400 508 3462 Cbristi
530 3400 647 3477 babent,
668 3403 758 3463 utaris
779 3402 912 3463 consilio.
1000 3386 1004 3411 ⁸

120 3541 304 3606 rannone
332 3540 528 3610 enarras,
555 3543 604 3602 nv
631 3543 708 3618 ouo
737 3541 901 3602 omnes
923 3541 1076 3619 esron,
1102 3546 1161 3608 nr

221 3623 371 3702 nunnus
389 3624 526 3684 nuens
540 3626 598 3685 nn
616 3627 797 3687 struuntur
815 3626 975 3687 eernsr.
997 3690 1000 3697 ,

452 3724 657 3784 Artr'culus
676 3726 745 3784 XX.

124 3820 192 3882 lloc
212 3817 325 3882 demum
346 3821 410 3882 loco
432 3819 554 3892 docent,
585 3830 616 3880 nt
637 3807 730 3881 sciant
751 3820 880 3883 bomines
901 3825 1061 3906 tantisper,
1089 3824 1156 3887 dom

93 3906 165 3966 *ivis
187 3915 268 3976 suut,
290 3915 400 3985 tempus
423 3926 440 3965 a
461 3906 545 3975 Deo,
568 3902 643 3984 qood
663 3905 774 3984 gratiam
795 3917 858 3978 est,
881 3907 936 3966 sibi
958 3907 1092 3983 concedi,
1127 3922 1158 3970 nt

93 4009 133 4050 ,ιιι
164 3991 283 4068 eiusque
315 3990 453 4066 gretiam,
491 3989 660 4060 bonitatem,
693 3988 915 4050 misericordiam
952 4002 983 4051 et
1012 3993 1157 4054 lenitatem

93 4082 190 4135 erant.
236 4073 342 4151 Sieqoe
364 4092 400 4132 en
425 4072 499 4132 illins
520 4073 708 4151 promissione
731 4072 891 4146 inveniant,
918 4091 953 4133 ac
983 4076 1023 4135 itu
1043 4076 1157 4137 beatam

98 4168 161 4219 tem
183 4154 385 4235 adsequantur.
426 4155 473 4214 Dc
503 4157 557 4216 boc
582 4156 624 4215 sic
652 4157 681 4216 in
706 4155 790 4216 Actis
815 4156 921 4217 Paulus
952 4160 1155 4222 concionatore

93 4256 122 4304 ιι
143 4241 288 4323 praeduiit
309 4240 475 4321 praestituta
496 4250 641 4320 tempora,
671 4240 858 4322 praedixitque
885 4242 1023 4305 terminos
1048 4244 1157 4304 babita-

93 4324 126 4392 is
150 4324 312 4402 bominum,
343 4334 374 4385 nt
400 4335 574 4406 quaererent
599 4321 712 4402 Deum,
737 4324 767 4387 sl·
788 4325 864 4390 inste
893 4324 1008 4410 palpent
1036 4334 1105 4390 enm·
1127 4337 1158 4389 et
