2648 4928
107 280 186 369 844
445 277 626 359 comana
650 278 835 354 Senticam
855 284 887 355 1.

111 479 144 531 nt
164 467 208 527 sic
227 471 307 525 essct
328 460 472 541 pertarum
493 461 569 523 inter
588 459 683 525 Deum
703 471 734 522 at
752 460 883 521 homines
904 456 1065 523 mediatore
1094 460 1187 523 anne

111 558 248 634 quotquot
267 547 297 607 iu
310 543 404 607 Deum
423 541 562 618 eradunt,
584 543 655 606 dona
675 555 863 626 potestatam,
886 555 917 604 ot
932 544 1004 605 liunt
1021 542 1084 606 ltet
1102 542 1170 617 tlit,

113 636 121 653 '
199 639 338 692 tentatura
371 627 438 708 Epo
458 626 583 689 ascendo
609 626 647 689 ad
669 648 762 689 mcnm
787 638 898 709 patrem
920 638 1099 689 mnostrum
1118 626 1187 688 llam

137 737 172 779 er
192 734 273 797 qoam
294 712 499 775 sanctissimam
525 712 751 786 fraternitam,
783 710 915 793 quicquid
941 710 1107 773 inAdauo
1131 712 1187 772 ani

112 820 193 873 mos,
215 817 316 861 meaos
335 795 417 857 nobis
432 794 606 857 restituiturc
631 807 661 857 et
681 796 734 857 luae
749 793 785 856 de
806 815 890 857 causa
908 816 965 856 noo
982 814 1119 859 veremur
1134 794 1187 857 Der

113 894 223 967 patrem
250 891 377 943 nostrum
401 898 523 951 vocare,
555 900 611 939 nan
633 889 689 940 taor
716 881 781 959 qnia
808 899 862 940 nos
888 880 1013 952 creavit,
1037 876 1130 961 (qnod
1151 898 1187 940 cot

112 984 197 1031 muno
220 964 355 1025 habcmm
374 982 437 1028 eom
459 964 529 1043 ipsis
552 964 696 1043 reprobis)
724 982 806 1043 quam
825 962 892 1044 quia
912 960 991 1023 dedit
1011 963 1096 1023 nobie
1123 962 1187 1022 inlr

112 1061 187 1117 uem
206 1049 296 1111 lilium
316 1064 398 1111 snum
425 1047 620 1124 unigenitum,
652 1045 789 1126 nobisque
814 1048 935 1126 gratiam
963 1044 1065 1119 dedit,
1098 1056 1130 1105 ιιι
1152 1045 1187 1105 itu

113 1155 166 1218 pro
187 1142 286 1193 nostro
306 1129 462 1191 mediatore
483 1150 670 1209 agnoscamus
692 1139 722 1191 ct
743 1130 962 1208 amplectamur,
985 1140 1018 1189 ιιι
1033 1140 1105 1191 anta
1123 1127 1187 1189 dicta

115 1228 172 1281 cst.
216 1214 350 1295 Oportuit
370 1234 457 1295 porro
475 1212 633 1286 Messinm,
655 1223 686 1273 ct
705 1212 933 1293 redemptorem,
961 1222 1063 1274 verum
1083 1212 1173 1274 licum

114 1318 213 1367 veram
235 1298 375 1358 hominem
396 1316 481 1369 erse,
504 1299 570 1378 quia
591 1316 699 1378 poenas
721 1298 826 1357 oortris
848 1297 1128 1376 transgressionibus
1149 1294 1187 1355 td

115 1395 161 1446 tao
180 1392 243 1447 orat
255 1380 381 1454 laturus,
404 1399 492 1462 seque
510 1380 602 1462 ipsum
617 1382 749 1453 noturus,
773 1381 854 1462 quani
874 1382 905 1441 in
927 1390 1024 1441 namra
1041 1398 1187 1463 personae

116 1487 178 1530 nm
208 1463 313 1528 indicio
334 1463 432 1525 Patris
453 1484 505 1545 pro
526 1474 625 1524 norma
646 1464 873 1543 transgressione
894 1472 924 1524 et
944 1463 1139 1526 inobedientia
1156 1481 1187 1544 pa

115 1561 229 1622 morto,
250 1547 350 1607 mortis
371 1548 517 1608 authorem
540 1566 687 1628 superare.
729 1547 837 1609 Verum
861 1548 926 1628 quia
947 1548 1010 1607 sola
1031 1546 1135 1609 Dcitaa
1154 1566 1187 1605 no

116 1644 175 1695 tem
197 1631 255 1712 pati
276 1631 419 1711 nequivit,
449 1650 543 1711 neque
559 1632 648 1691 ctiam
671 1631 732 1691 sola
753 1631 911 1691 hnmanitas
936 1630 1058 1691 candem
1081 1648 1187 1710 soporat

116 1727 264 1796 utramque
285 1714 313 1773 io
333 1734 415 1774 uuam
437 1734 585 1794 personam
603 1714 767 1787 coniunxit,
791 1725 822 1774 ot
844 1715 928 1774 unius
947 1713 1131 1775 imbecillitas
1150 1721 1187 1795 pat

115 1809 214 1872 retur,
234 1806 265 1858 ct
286 1799 369 1856 morti
390 1800 487 1878 (quam
510 1818 563 1858 noa
584 1799 679 1859 meriti
699 1796 811 1879 aomos)
834 1797 1044 1869 nominaretur,
1072 1810 1102 1859 ct
1122 1795 1187 1857 inlini

116 1894 202 1963 atqua
223 1880 395 1941 invincibilis
417 1882 542 1962 potentia
563 1881 701 1955 alterius,
726 1881 839 1943 scilicet
858 1880 1001 1953 Deitatis,
1024 1880 1187 1962 triomphato

116 1977 149 2027 ot
167 1967 270 2040 vitam,
289 1963 450 2027 libertatem
469 1975 501 2025 et
520 1976 684 2045 perpetuam
706 1966 854 2026 victoriam
873 1964 956 2027 nobis
978 1975 1161 2045 procurarat,
1180 1980 1187 2019 ι

117 2068 173 2131 que
194 2049 237 2109 sic
258 2048 442 2121 confitemur,
467 2048 642 2129 maximeque
658 2047 850 2109 indubitanter
862 2046 1017 2109 eredimus.
1063 2048 1174 2130 epus,

118 2132 253 2206 lirim,
266 2140 316 2197 11.
330 2141 381 2195 12.
404 2132 511 2195 lPetr.
523 2136 621 2207 mo.
644 2132 708 2193 tut.
719 2143 749 2205 1,
761 2142 811 2196 12.
831 2131 898 2194 ihid.
913 2142 966 2205 20,
987 2139 1040 2195 17.
1060 2133 1119 2196 lea.
1134 2140 1187 2201 dte

214 2314 249 2383 9·
293 2313 457 2377 CHRISTI
477 2314 609 2389 Molle,
636 2314 780 2377 Passlo
803 2315 859 2378 ET
878 2314 1133 2377 SEPULTURA.

202 2458 288 2538 Quod
307 2464 449 2526 Dominus
473 2477 572 2544 noster
595 2466 677 2526 loeus
696 2465 829 2527 Christus
858 2467 959 2527 obtulit
987 2485 1021 2529 sc
1045 2465 1187 2527 volontarii

120 2549 297 2609 Sacrificium
320 2548 399 2609 Patri
422 2571 473 2629 pro
493 2551 593 2621 nobis,
616 2549 688 2630 quod
712 2571 812 2631 possus
835 2553 872 2609 sit
895 2550 1145 2611 contradictionem
1166 2568 1187 2628 pt

121 2644 267 2705 catorum,
291 2632 365 2713 quod
387 2635 549 2694 vulneratus
572 2644 602 2693 et
622 2634 711 2713 pingis
734 2636 852 2693 allectus
875 2656 925 2712 pro
946 2636 1054 2694 nostris
1076 2647 1187 2711 transgn

121 2716 248 2775 sionibus
271 2717 343 2789 tuit,
375 2717 447 2798 quod
471 2738 533 2776 eum
556 2729 634 2776 esset
656 2738 741 2797 porus
765 2730 793 2776 ct
815 2721 952 2778 innocens
975 2739 1068 2795 agnus
1088 2714 1187 2785 Dei‚e'

120 2809 231 2857 meatus
254 2801 290 2858 sit
313 2803 341 2858 in
365 2803 524 2880 praescotia
549 2800 650 2859 indicis
674 2804 800 2872 terreni,
836 2814 865 2859 ιιι
897 2824 947 2859 nos
976 2824 1073 2860 eornm
1105 2803 1187 2861 tribuo

120 2880 178 2943 Dei
195 2885 303 2956 nostri,
326 2883 401 2962 quod
424 2886 484 2963 ipsc
505 2905 559 2943 non
579 2896 683 2942 tautum
699 2885 841 2944 crudelem
861 2888 954 2943 crucis
976 2897 1095 2945 mortem
1116 2887 1152 2944 sit
1167 2903 1187 2962 pr

122 2985 170 3024 aus
193 2967 279 3046 (quae
314 2965 371 3026 Dei
399 2969 541 3028 sententia
563 2968 615 3026 luit
642 2969 805 3043 maledicta)
829 2969 879 3027 scd
903 2971 986 3026 ctiam
1009 2968 1084 3047 quod
1105 2968 1141 3027 ad
1164 2978 1187 3024 te

121 3068 174 3127 pus
194 3050 265 3109 iram
287 3053 397 3128 patris,
427 3072 507 3130 qoam
537 3063 704 3128 peccatores
734 3055 824 3111 meriti
854 3064 934 3122 suut,
966 3053 1082 3110 subivit.
1129 3052 1187 3109 Ver

122 3131 303 3193 nihilominus
324 3132 499 3212 profitemur,
524 3132 595 3213 qnod
611 3139 765 3212 permansit
787 3138 868 3195 unice
887 3136 1005 3195 dilectus
1022 3146 1052 3195 ct
1072 3134 1185 3195 benedic

122 3211 218 3274 Patris
239 3216 312 3274 filius
335 3218 364 3275 io
385 3217 479 3277 medio
497 3219 612 3294 angoris
634 3220 693 3290 sui,
718 3231 746 3279 ct
766 3230 922 3288 tormento,
950 3230 978 3277 et
999 3217 1076 3298 quod
1093 3220 1183 3278 animo

123 3318 245 3377 corpore
264 3319 363 3377 passos
385 3313 446 3372 ost,
477 3311 508 3358 ut
527 3320 578 3379 pro
602 3304 696 3380 populi
719 3306 844 3381 pcccatis
867 3304 948 3382 plene
971 3294 1168 3372 siniriacum,

124 3399 178 3459 quc
200 3402 273 3442 nune
295 3383 398 3440 nullum
423 3382 498 3443 aliud
521 3384 690 3443 sacrificium
720 3408 771 3464 pro
794 3387 918 3466 pcccatis
942 3406 1098 3466 superesse
1117 3386 1187 3445 alirn

125 3484 186 3523 mus
207 3475 236 3523 ct
256 3466 429 3545 profitemur.
474 3465 556 3540 Quod
586 3467 611 3524 si
639 3470 685 3544 qui
707 3469 782 3527 aliud
806 3481 955 3540 asserant,
990 3472 1054 3528 illos
1077 3471 1104 3527 in
1128 3468 1187 3528 chr]

125 3559 264 3619 mortem,
295 3558 437 3608 aeternam
460 3551 654 3629 purgationem
677 3563 706 3610 et
727 3555 948 3612 satisfactionem
971 3574 1023 3631 por
1046 3552 1163 3612 caude
1184 3572 1187 3607 ι

125 3629 170 3688 bia
189 3640 365 3708 procuratam
385 3633 562 3711 blasphemos
579 3653 657 3705 esse,
682 3657 736 3693 non
756 3635 914 3694 dubitamus
935 3638 1076 3715 proritari,
1114 3636 1187 3695 lsai

129 3721 179 3775 10.
194 3723 244 3797 ta.
273 3713 365 3774 ttenr.
383 3725 415 3789 ι,
430 3726 481 3778 27.
505 3715 574 3775 ihil.
599 3724 630 3789 s,
651 3728 702 3781 ae.
736 3720 827 3779 ιιιιι.
848 3731 898 3791 12,
913 3729 943 3781 s.
971 3720 1028 3778 ιιι.
1044 3728 1099 3789 ss,
1116 3729 1146 3781 s.
1159 3726 1188 3779 ι.

127 3795 248 3857 Denter.
268 3807 321 3871 21,
340 3808 393 3862 23.
426 3801 491 3861 Gal.
511 3808 541 3872 ³,
562 3809 611 3864 13.
642 3803 736 3863 Hchr.
754 3814 807 3875 10,
824 3815 851 3866 1.
867 3816 897 3865 2.
921 3806 991 3864 ltem
1013 3811 1046 3879 9,
1060 3814 1113 3869 28.

483 3984 538 4055 10.
584 3987 881 4049 RESURRECTlO.

209 4130 279 4193 Sina
298 4135 374 4195 omni
396 4132 481 4196 dulrio
501 4136 663 4211 credimus,
690 4159 773 4217 quum
796 4138 969 4217 impossihile
991 4147 1093 4208 essct,
1115 4131 1187 4197 utdr

128 4233 175 4273 rcs
197 4219 294 4277 mortis
316 4218 463 4280 authorem
486 4223 579 4296 ritae,
601 4222 741 4301 captiuum
764 4233 914 4293 tenerent,
937 4220 1168 4301 quodDominus

128 4307 188 4359 ster
211 4300 291 4361 lesus
313 4300 444 4367 Christus
467 4304 636 4380 crucifixus,
659 4318 785 4367 mortuos
807 4316 837 4367 et
859 4307 1004 4387 sepultus,
1027 4306 1078 4386 qui
1100 4302 1187 4365 deson
