2648 4928
182 262 357 368 xxxtv'
502 332 505 336 -
603 292 878 362 conuento.
1017 332 1020 337 -
1231 324 1267 387 0,

184 456 344 547 ¹asingniis
367 454 525 515 ciuitatibus
550 453 743 531 recipiendam
766 454 846 534 prius
870 454 1092 530 constituerent,
1118 471 1216 551 qnam·
1234 477 1267 546 tt

94 554 102 569 ’
186 567 324 645 theologis
341 562 591 651 Argentin'ensibus
613 560 651 621 de
667 562 803 623 sociande
821 572 939 643 utraque
964 565 1084 625 ecclesis
1107 565 1261 656 cunrenir

187 677 246 746 Qui
270 675 355 752 igitur
371 671 471 730 summi
493 669 541 729 ilio
559 679 688 746 tempore
706 669 838 732 Basiieaa
858 681 939 730 erant
960 672 1085 751 theologi
1103 617 1267 768 Μγὶιιιίιιὲ

189 784 341 860 Grynaeur
360 798 423 838 cum
442 742 541 838 Leone
563 777 673 853 iudae,
688 778 831 838 Pellicano
849 790 880 841 et
896 780 1080 857 Bibliandro,
1096 729 1267 881 'suricefiz

189 889 332 966 congressi
355 885 506 945 tornntam
534 878 696 961 huiuemodi
722 885 931 966 descripserunt
958 888 1188 968 descriptamque

188 1016 251 1059 cum
271 995 389 1055 ecclesia
406 993 544 1055 Beruensi
559 995 811 1054 communicarunt.
843 994 903 1055 Sed
921 996 1037 1057 frustra.
1063 996 1247 1059 Beroeam

189 1104 266 1166 mula
289 1104 413 1179 reiecta,
440 1112 471 1160 ut
495 1102 583 1178 legati
605 1103 731 1161 omnium
758 1103 919 1178 ciuitatum,
947 1123 1022 1182 quae
1049 1106 1077 1162 in
1105 1066 1266 1214 Helvetisz

188 1214 328 1274 formatae
353 1210 490 1270 ecclesiae
520 1226 601 1269 sacra
629 1220 812 1287 receperant,
844 1211 921 1270 hisce
947 1212 984 1271 de
1008 1215 1094 1273 rebus
1120 1179 1266 1275 consults

190 1321 381 1393 convenirent,
395 1317 484 1379 vaide
480 1327 631 1395 -‚uptarunt
644 1335 737 1396 neque
752 1320 880 1380 restitere
887 1320 1064 1381 Bassieenses
1078 1332 1107 1381 et
1121 1286 1266 1439 Truces:

191 1430 301 1490 Coucio
327 1426 412 1503 igitur
435 1425 565 1486 Basileae
592 1426 660 1485 inde
686 1442 705 1484 a
726 1426 817 1486 XXX.
833 1428 956 1489 ianuarii
974 1408 1040 1488 duni
1061 1435 1158 1491 1536
1169 1392 1266 1531 mus?

191 1537 304 1597 indicta
313 1543 366 1595 est.
403 1530 605 1593 Convenerunt
618 1545 734 1610 praeter
749 1546 894 1596 senatores
907 1547 936 1597 et
952 1539 1134 1612 consiliarios,
1153 1555 1172 1596 a
1189 1508 1266 1664 sind:

193 1645 353 1705 civitatibus
370 1640 511 1715 deiectos,
528 1640 706 1716 Buiiingerus
724 1652 753 1701 et
772 1641 834 1700 Leo
850 1644 957 1721 iudae,
979 1647 1167 1723 Turicepaes,
1183 1624 1266 1777 Meg:

193 1753 247 1813 der
266 1749 437 1823 Beruensis,
454 1748 589 1806 Erasmus
606 1748 700 1807 Ritter
718 1760 747 1808 et
763 1749 934 1812 Benedictus
948 1753 1096 1830 Burgnuer
1116 1736 1266 1830 Seapbus'

67 1900 75 1921 1
192 1859 365 1921 Fortmitiier
379 1855 588 1932 Sangallenric,
608 1857 778 1932 Augustinus
796 1859 975 1919 Gemusaeur
989 1860 1190 1921 diiihihusanus
1202 1845 1262 1945 eat*

185 1969 293 2029 -ccnius
316 1977 402 2043 atque
421 1965 570 2040 Grynaeus
588 1962 781 2041 Basileenses,
808 1986 907 2027 omnes
930 1979 960 2028 et
984 1969 1162 2028 sincerissimi
1183 1956 1265 2031 serit³¹

196 2077 278 2137 amici
298 2085 328 2134 et
342 2073 546 2132 ecdesiasticua
564 2073 642 2150 pacis
655 2072 861 2135 studiosissimi.
898 2076 1010 2136 Interea
1024 2077 1102 2136 sama
1120 2060 1265 2156 peronensi

83 2208 88 2215 ·
196 2194 261 2260 rat,
279 2184 353 2241 inter
367 2181 567 2258 imperatorem
589 2190 618 2239 et
639 2198 744 2257 papam
765 2181 802 2243 de
822 2184 939 2243 concilio
961 2189 1142 2245 oecumenico
1165 2205 1233 2247 mox
1255 2184 1265 2226 ²

197 2291 292 2352 hendo
318 2288 499 2366 conrenissa;
525 2306 619 2366 neque
646 2288 797 2350 defuerunt
821 2293 870 2370 qui
897 2293 1049 2352 catholicos
1066 2294 1114 2351 ilio
1132 2279 1265 2355 concilioll

196 2399 333 2460 Helvetiis
367 2414 481 2474 quoque
514 2396 651 2455 rationem
683 2398 721 2459 de
752 2417 805 2476 ea,
840 2417 924 2479 quarn
957 2402 1139 2478 probassent,
1172 2403 1265 2463 eccle*t

199 2506 417 2582 reformatione,
434 2505 603 2584 repetituros
617 2523 679 2565 esse
693 2506 875 2569 affirmarent.
912 2507 992 2584 Ergo
1009 2527 1066 2566 non
1080 2509 1171 2566 sotum
1190 2520 1265 2590 prop

199 2618 354 2691 rationem,
391 2632 465 2693 quae
491 2612 538 2672 itto
562 2609 691 2692 tempore
717 2616 790 2676 inter
816 2615 1009 2675 Helvetiorum
1035 2617 1167 2676 ecclesias
1192 2628 1222 2676 et
1248 2619 1257 2676 i

200 2725 385 2785 theranorum
407 2732 561 2783 sectatores
578 2723 750 2800 intercessit,
778 2741 874 2782 vetum
893 2724 979 2785 etium
997 2723 1034 2783 ad
1054 2724 1132 2795 ‚haec
1154 2724 1265 2787 cathoi'n

201 2852 264 2892 rum
282 2831 398 2891 consilia
417 2833 598 2910 respicientes
616 2851 724 2908 omnes,
743 2833 792 2921 qui
811 2832 942 2895 Basiiese
962 2840 1162 2908 convenerunt,
1179 2843 1210 2893 st
1227 2832 1264 2895 tii

88 2970 93 2976 ·
201 2941 260 3016 iugi
290 2950 320 2997 et
345 2940 518 3014 singularum
547 2940 690 2997 civitatum
726 2939 813 3015 legati
841 2938 1044 3010 decreverunt,
1078 2952 1109 2996 ut
1142 2938 1264 3007 noted

201 3044 361 3113 consessio,
389 3062 464 3120 quae
494 3046 531 3101 ab
560 3045 691 3102 omnibus
719 3045 911 3105 Helvetiorum
946 3046 1102 3102 civitatibus
1127 3046 1264 3127 tedpsdn

203 3150 419 3213 describeretur.
460 3147 570 3207 Omnes
591 3149 715 3207 unanimi
741 3168 879 3208 consensu
905 3152 966 3209 eius
993 3153 1035 3211 rei
1064 3172 1161 3214 curam
1190 3154 1264 3243 deq

204 3259 309 3318 darunt
326 3255 505 3332 Bullingero,
538 3255 694 3330 Grynaeo,
729 3255 878 3333 Myconio,
898 3260 999 3335 quibus
1016 3259 1079 3320 Leo
1097 3261 1186 3322 iudae
1206 3262 1264 3333 st}

205 3363 314 3446 gaudet
329 3366 415 3424 iuncti
432 3375 497 3424 sunt
515 3381 678 3424 ussessmes.
717 3364 753 3421 Hi
772 3365 840 3424 nihii
857 3369 957 3425 morati
971 3378 1000 3427 et
1015 3369 1110 3431 iabore
1130 3369 1199 3449 ipcir
1217 3371 1264 3450 inp

205 3475 259 3533 sito
278 3473 428 3552 diligenter
446 3473 533 3531 suncd
556 3490 688 3548 magnam
708 3473 779 3532 iliius
798 3486 908 3552 partem
928 3476 984 3535 iam
1003 3478 1199 3552 absolverant,
1224 3499 1263 3560 qn

205 3581 342 3642 ecclesiae
356 3581 565 3657 argentinensis
576 3580 673 3656 legati,
692 3582 797 3657 Capito
816 3593 846 3641 et
863 3581 988 3642 Bucerus
1007 3585 1182 3663 advenirent,
1200 3588 1263 3667 quii

207 3691 326 3770 placatis
344 3690 555 3764 Turicenribus,
573 3690 623 3767 qui
643 3700 673 3747 ιιι
692 3690 784 3748 exteri
802 3691 839 3748 nb
859 3691 914 3750 isac
934 3694 1070 3752 concione
1091 3690 1264 3773 abessent,i

208 3799 382 3876 citaverant,
404 3799 571 3875 permissum
591 3808 648 3872 est,
674 3807 704 3855 ut
724 3816 773 3856 eos
794 3799 910 3857 consilio
928 3820 980 3859 suo
1000 3802 1174 3862 adiuvarent.
1210 3803 1263 3867 Ne

209 3905 287 3983 quod
306 3905 343 3964 de
358 3904 485 3965 Luthero
503 3904 588 3964 etde
606 3904 748 3974 formulis,
767 3922 837 3982 quas
855 3907 901 3968 iiie
914 3910 1044 3967 omnibus
1062 3927 1156 3970 reram
1167 3909 1207 3971 de
1222 3920 1263 3979 ct

210 4030 292 4072 sscrs
307 4013 463 4074 doctrinam
478 4012 677 4093 profitentibus
689 4012 825 4089 imprimis
838 4017 985 4076 retinenda
1000 4035 1063 4077 esse
1076 4020 1193 4096 censuit,
1207 4029 1263 4083 cac

210 4131 294 4196 runt,
308 4133 412 4182 eventu
427 4123 527 4198 caruit,
543 4140 631 4199 qunrn
647 4137 746 4178 omues
759 4138 841 4197 spem
855 4125 1069 4185 consociationis
1082 4128 1156 4186 inter
1168 4128 1263 4191 ecci·

97 4254 106 4262 ·
211 4226 394 4288 reformatam
421 4240 450 4289 et
471 4229 590 4288 Lutiteri
623 4239 778 4287 seetstores
805 4231 916 4290 sincero
947 4233 1042 4292 animo
1067 4237 1263 4313 concepissent

212 4335 287 4397 hatto
313 4338 403 4415 ipsam
432 4339 469 4397 ob
495 4354 608 4397 causam
632 4335 670 4395 ad
695 4335 840 4398 lenitatem
864 4342 1001 4419 propensi
1028 4344 1059 4400 in
1083 4343 1211 4404 sormtdis
1239 4365 1263 4427 p
