<?xml version="1.0" encoding="UTF-8"?>
<!DOCTYPE html PUBLIC "-//W3C//DTD XHTML 1.0 Transitional//EN"
    "http://www.w3.org/TR/xhtml1/DTD/xhtml1-transitional.dtd">
<html xmlns="http://www.w3.org/1999/xhtml" xml:lang="en" lang="en">
 <head>
  <title>
</title>
<meta http-equiv="Content-Type" content="text/html;charset=utf-8" />
  <meta name='ocr-system' content='tesseract 3.04.00' />
  <meta name='ocr-capabilities' content='ocr_page ocr_carea ocr_par ocr_line ocrx_word'/>
</head>
<body>
  <div class='ocr_page' id='page_1' title='image "./collectioconfes00niemgoog/collectioconfes00niemgoog_0764.png"; bbox 0 0 2648 4928; ppageno 0'>
   <div class='ocr_carea' id='block_1_1' title="bbox 348 264 1172 511">
    <p class='ocr_par' dir='ltr' id='par_1_1' title="bbox 348 264 1172 511">
     <span class='ocr_line' id='line_1_1' title="bbox 348 264 1172 391; baseline 0.017 -45"><span class='ocrx_word' id='word_1_1' title='bbox 348 270 505 366; x_wconf 77' lang='lat' dir='ltr'><strong>cap.11.</strong></span> <span class='ocrx_word' id='word_1_2' title='bbox 554 272 610 345; x_wconf 86' lang='lat' dir='ltr'><strong>lle</strong></span> <span class='ocrx_word' id='word_1_3' title='bbox 634 264 887 391; x_wconf 75' lang='lat' dir='ltr'><strong>Redemplieae·</strong></span> <span class='ocrx_word' id='word_1_4' title='bbox 914 346 917 351; x_wconf 96' lang='lat'>.</span> <span class='ocrx_word' id='word_1_5' title='bbox 1096 283 1172 365; x_wconf 74' lang='lat'><strong>305</strong></span> 
     </span>
     <span class='ocr_line' id='line_1_2' title="bbox 588 447 630 511; baseline 0 -1"><span class='ocrx_word' id='word_1_6' title='bbox 588 447 630 511; x_wconf 84' lang='lat' dir='ltr'><strong>ii.</strong></span> 
     </span>
    </p>
   </div>
   <div class='ocr_carea' id='block_1_2' title="bbox 91 565 1266 899">
    <p class='ocr_par' dir='ltr' id='par_1_2' title="bbox 91 565 1266 899">
     <span class='ocr_line' id='line_1_3' title="bbox 137 565 1168 647; baseline 0.016 -17"><span class='ocrx_word' id='word_1_7' title='bbox 137 569 212 631; x_wconf 81' lang='lat' dir='ltr'><strong>Coun</strong></span> <span class='ocrx_word' id='word_1_8' title='bbox 243 586 313 630; x_wconf 82' lang='lat' dir='ltr'><strong>vero</strong></span> <span class='ocrx_word' id='word_1_9' title='bbox 338 567 394 647; x_wconf 85' lang='lat' dir='ltr'><strong>ipsi</strong></span> <span class='ocrx_word' id='word_1_10' title='bbox 423 565 609 640; x_wconf 69' lang='lat' dir='ltr'><strong>nurnero,</strong></span> <span class='ocrx_word' id='word_1_11' title='bbox 640 578 675 642; x_wconf 70' lang='lat' dir='ltr'><strong>ut</strong></span> <span class='ocrx_word' id='word_1_12' title='bbox 695 568 732 630; x_wconf 80' lang='lat' dir='ltr'><strong>alr</strong></span> <span class='ocrx_word' id='word_1_13' title='bbox 753 570 797 632; x_wconf 84' lang='lat' dir='ltr'><strong>ira</strong></span> <span class='ocrx_word' id='word_1_14' title='bbox 818 568 877 633; x_wconf 84' lang='lat' dir='ltr'><strong>Dei</strong></span> <span class='ocrx_word' id='word_1_15' title='bbox 894 591 949 635; x_wconf 87' lang='lat' dir='ltr'><strong>not</strong></span> <span class='ocrx_word' id='word_1_16' title='bbox 964 573 1089 641; x_wconf 68' lang='lat' dir='ltr'><strong>illerum</strong></span> <span class='ocrx_word' id='word_1_17' title='bbox 1111 602 1168 645; x_wconf 84' lang='lat' dir='ltr'><strong>uon</strong></span> 
     </span>
     <span class='ocr_line' id='line_1_4' title="bbox 91 649 1266 746; baseline 0.013 -32"><span class='ocrx_word' id='word_1_18' title='bbox 91 650 310 725; x_wconf 69' lang='lat' dir='ltr'><strong>asinanum</strong></span> <span class='ocrx_word' id='word_1_19' title='bbox 336 668 374 712; x_wconf 79' lang='lat' dir='ltr'><strong>ex</strong></span> <span class='ocrx_word' id='word_1_20' title='bbox 398 649 538 711; x_wconf 81' lang='lat' dir='ltr'><strong>innonss</strong></span> <span class='ocrx_word' id='word_1_21' title='bbox 557 651 776 725; x_wconf 75' lang='lat' dir='ltr'><strong>nturtsnratn,</strong></span> <span class='ocrx_word' id='word_1_22' title='bbox 804 652 909 716; x_wconf 78' lang='lat' dir='ltr'><strong>Elliunn</strong></span> <span class='ocrx_word' id='word_1_23' title='bbox 933 674 1014 720; x_wconf 87' lang='lat' dir='ltr'><strong>snuur</strong></span> <span class='ocrx_word' id='word_1_24' title='bbox 1035 665 1167 746; x_wconf 84' lang='lat' dir='ltr'><strong>unigeni·</strong></span> <span class='ocrx_word' id='word_1_25' title='bbox 1263 678 1266 685; x_wconf 86' lang='grc'><strong>“</strong></span> 
     </span>
     <span class='ocr_line' id='line_1_5' title="bbox 91 731 1265 828; baseline 0.011 -29"><span class='ocrx_word' id='word_1_26' title='bbox 91 756 109 799; x_wconf 91' lang='lat' dir='ltr'><strong>n</strong></span> <span class='ocrx_word' id='word_1_27' title='bbox 131 735 215 798; x_wconf 83' lang='lat' dir='ltr'><strong>nobie</strong></span> <span class='ocrx_word' id='word_1_28' title='bbox 230 736 403 815; x_wconf 84' lang='lat' dir='ltr'><strong>Sponsoreus</strong></span> <span class='ocrx_word' id='word_1_29' title='bbox 424 731 517 807; x_wconf 82' lang='lat' dir='ltr'><strong>deallt,</strong></span> <span class='ocrx_word' id='word_1_30' title='bbox 542 735 602 817; x_wconf 78' lang='lat' dir='ltr'><strong>spui,</strong></span> <span class='ocrx_word' id='word_1_31' title='bbox 623 745 656 795; x_wconf 91' lang='lat' dir='ltr'><strong>ut</strong></span> <span class='ocrx_word' id='word_1_32' title='bbox 675 755 729 816; x_wconf 91' lang='lat' dir='ltr'><strong>pro</strong></span> <span class='ocrx_word' id='word_1_33' title='bbox 749 735 831 798; x_wconf 86' lang='lat' dir='ltr'><strong>nolis</strong></span> <span class='ocrx_word' id='word_1_34' title='bbox 853 741 1047 818; x_wconf 74' lang='lat' dir='ltr'><strong>satisfecerat,</strong></span> <span class='ocrx_word' id='word_1_35' title='bbox 1065 766 1168 828; x_wconf 80' lang='lat' dir='ltr'><strong>peeca-</strong></span> <span class='ocrx_word' id='word_1_36' title='bbox 1258 778 1265 793; x_wconf 87' lang='lat'><strong>·</strong></span> 
     </span>
     <span class='ocr_line' id='line_1_6' title="bbox 91 816 1167 899; baseline 0.005 -16"><span class='ocrx_word' id='word_1_37' title='bbox 91 827 161 883; x_wconf 83' lang='lat' dir='ltr'><strong>u&#39;et</strong></span> <span class='ocrx_word' id='word_1_38' title='bbox 182 816 345 882; x_wconf 75' lang='lat' dir='ltr'>maledictio</span> <span class='ocrx_word' id='word_1_39' title='bbox 364 818 396 878; x_wconf 89' lang='lat' dir='ltr'><strong>in</strong></span> <span class='ocrx_word' id='word_1_40' title='bbox 416 824 503 879; x_wconf 73' lang='lat' dir='ltr'><strong>eroes</strong></span> <span class='ocrx_word' id='word_1_41' title='bbox 523 837 576 898; x_wconf 95' lang='lat' dir='ltr'><strong>pro</strong></span> <span class='ocrx_word' id='word_1_42' title='bbox 597 817 693 892; x_wconf 84' lang='lat' dir='ltr'><strong>uelis,</strong></span> <span class='ocrx_word' id='word_1_43' title='bbox 714 839 768 881; x_wconf 86' lang='lat' dir='ltr'><strong>reo</strong></span> <span class='ocrx_word' id='word_1_44' title='bbox 788 821 853 881; x_wconf 84' lang='lat' dir='ltr'><strong>ries</strong></span> <span class='ocrx_word' id='word_1_45' title='bbox 873 834 982 899; x_wconf 80' lang='lat' dir='ltr'><strong>nostra,</strong></span> <span class='ocrx_word' id='word_1_46' title='bbox 1005 827 1097 891; x_wconf 60' lang='lat' dir='ltr'><strong>maun</strong></span> <span class='ocrx_word' id='word_1_47' title='bbox 1111 845 1167 897; x_wconf 74' lang='lat' dir='ltr'><strong>nna,</strong></span> 
     </span>
    </p>
   </div>
   <div class='ocr_carea' id='block_1_3' title="bbox 581 982 634 1043">
    <p class='ocr_par' dir='ltr' id='par_1_3' title="bbox 581 982 634 1043">
     <span class='ocr_line' id='line_1_7' title="bbox 581 982 634 1043; baseline 0 -1"><span class='ocrx_word' id='word_1_48' title='bbox 581 982 634 1043; x_wconf 87' lang='lat' dir='ltr'><strong>ill.</strong></span> 
     </span>
    </p>
   </div>
   <div class='ocr_carea' id='block_1_4' title="bbox 90 1097 1167 1361">
    <p class='ocr_par' dir='ltr' id='par_1_4' title="bbox 90 1097 1167 1361">
     <span class='ocr_line' id='line_1_8' title="bbox 133 1097 1166 1192; baseline 0.014 -31"><span class='ocrx_word' id='word_1_49' title='bbox 133 1099 216 1164; x_wconf 79' lang='lat' dir='ltr'><strong>Haeo</strong></span> <span class='ocrx_word' id='word_1_50' title='bbox 237 1118 314 1161; x_wconf 90' lang='lat' dir='ltr'><strong>roors</strong></span> <span class='ocrx_word' id='word_1_51' title='bbox 334 1097 405 1160; x_wconf 75' lang='lat' dir='ltr'><strong>Filii</strong></span> <span class='ocrx_word' id='word_1_52' title='bbox 424 1097 482 1160; x_wconf 84' lang='lat' dir='ltr'><strong>Dei</strong></span> <span class='ocrx_word' id='word_1_53' title='bbox 505 1109 550 1161; x_wconf 87' lang='lat' dir='ltr'><strong>est</strong></span> <span class='ocrx_word' id='word_1_54' title='bbox 570 1101 654 1163; x_wconf 86' lang='lat' dir='ltr'><strong>unica</strong></span> <span class='ocrx_word' id='word_1_55' title='bbox 675 1111 705 1163; x_wconf 87' lang='lat' dir='ltr'><strong>et</strong></span> <span class='ocrx_word' id='word_1_56' title='bbox 724 1101 933 1182; x_wconf 78' lang='lat' dir='ltr'><strong>perfectissima</strong></span> <span class='ocrx_word' id='word_1_57' title='bbox 964 1127 1017 1188; x_wconf 90' lang='lat' dir='ltr'><strong>pro</strong></span> <span class='ocrx_word' id='word_1_58' title='bbox 1039 1118 1166 1192; x_wconf 62' lang='lat' dir='ltr'><strong>perenn</strong></span> 
     </span>
     <span class='ocr_line' id='line_1_9' title="bbox 91 1182 1167 1266; baseline 0.013 -21"><span class='ocrx_word' id='word_1_59' title='bbox 91 1185 164 1248; x_wconf 74' lang='lat' dir='ltr'><strong>rinna</strong></span> <span class='ocrx_word' id='word_1_60' title='bbox 185 1196 216 1246; x_wconf 88' lang='lat' dir='ltr'><strong>et</strong></span> <span class='ocrx_word' id='word_1_61' title='bbox 236 1183 416 1255; x_wconf 71' lang='lat' dir='ltr'><strong>satisfactio,</strong></span> <span class='ocrx_word' id='word_1_62' title='bbox 446 1182 549 1245; x_wconf 82' lang='lat' dir='ltr'><strong>infiniti</strong></span> <span class='ocrx_word' id='word_1_63' title='bbox 574 1184 679 1245; x_wconf 86' lang='lat' dir='ltr'><strong>valoris</strong></span> <span class='ocrx_word' id='word_1_64' title='bbox 707 1195 737 1244; x_wconf 90' lang='lat' dir='ltr'><strong>et</strong></span> <span class='ocrx_word' id='word_1_65' title='bbox 763 1187 870 1266; x_wconf 86' lang='lat' dir='ltr'><strong>pretii,</strong></span> <span class='ocrx_word' id='word_1_66' title='bbox 891 1187 1003 1252; x_wconf 76' lang='lat' dir='ltr'><strong>abunde</strong></span> <span class='ocrx_word' id='word_1_67' title='bbox 1022 1196 1167 1263; x_wconf 74' lang='lat' dir='ltr'><strong>sufficiens</strong></span> 
     </span>
     <span class='ocr_line' id='line_1_10' title="bbox 90 1265 723 1361; baseline 0.005 -34"><span class='ocrx_word' id='word_1_68' title='bbox 90 1315 94 1327; x_wconf 91' lang='grc'><strong>.</strong></span> <span class='ocrx_word' id='word_1_69' title='bbox 105 1270 189 1361; x_wconf 71' lang='lat' dir='ltr'><strong>unns</strong></span> <span class='ocrx_word' id='word_1_70' title='bbox 209 1265 306 1329; x_wconf 78' lang='lat' dir='ltr'><strong>nundi</strong></span> <span class='ocrx_word' id='word_1_71' title='bbox 326 1278 445 1349; x_wconf 82' lang='lat' dir='ltr'><strong>peccatu</strong></span> <span class='ocrx_word' id='word_1_72' title='bbox 467 1265 615 1346; x_wconf 73' lang='lat' dir='ltr'><strong>expianda.</strong></span> <span class='ocrx_word' id='word_1_73' title='bbox 720 1272 723 1277; x_wconf 56' lang='lat'><strong>⁴</strong></span> 
     </span>
    </p>
   </div>
   <div class='ocr_carea' id='block_1_5' title="bbox 132 1432 1166 1647">
    <p class='ocr_par' dir='ltr' id='par_1_5' title="bbox 132 1432 1166 1647">
     <span class='ocr_line' id='line_1_11' title="bbox 578 1432 634 1496; baseline 0.036 -2"><span class='ocrx_word' id='word_1_74' title='bbox 578 1432 634 1496; x_wconf 74' lang='lat' dir='ltr'><strong>lv.</strong></span> 
     </span>
     <span class='ocr_line' id='line_1_12' title="bbox 132 1550 1166 1647; baseline 0 -32"><span class='ocrx_word' id='word_1_75' title='bbox 132 1551 203 1616; x_wconf 85' lang='lat' dir='ltr'><strong>lieo</strong></span> <span class='ocrx_word' id='word_1_76' title='bbox 218 1561 313 1613; x_wconf 87' lang='lat' dir='ltr'><strong>autem</strong></span> <span class='ocrx_word' id='word_1_77' title='bbox 334 1550 406 1612; x_wconf 84' lang='lat' dir='ltr'><strong>haee</strong></span> <span class='ocrx_word' id='word_1_78' title='bbox 426 1568 503 1610; x_wconf 87' lang='lat' dir='ltr'><strong>unors</strong></span> <span class='ocrx_word' id='word_1_79' title='bbox 524 1552 595 1621; x_wconf 82' lang='lat' dir='ltr'><strong>tanti</strong></span> <span class='ocrx_word' id='word_1_80' title='bbox 623 1562 669 1613; x_wconf 82' lang='lat' dir='ltr'><strong>snt</strong></span> <span class='ocrx_word' id='word_1_81' title='bbox 696 1552 801 1615; x_wconf 82' lang='lat' dir='ltr'><strong>valoris</strong></span> <span class='ocrx_word' id='word_1_82' title='bbox 826 1563 856 1616; x_wconf 93' lang='lat' dir='ltr'><strong>et</strong></span> <span class='ocrx_word' id='word_1_83' title='bbox 877 1558 984 1635; x_wconf 88' lang='lat' dir='ltr'><strong>pretii,</strong></span> <span class='ocrx_word' id='word_1_84' title='bbox 1012 1563 1080 1642; x_wconf 63' lang='lat' dir='ltr'><strong>qnia</strong></span> <span class='ocrx_word' id='word_1_85' title='bbox 1098 1584 1166 1647; x_wconf 67' lang='lat' dir='ltr'><strong>pm.</strong></span> 
     </span>
    </p>
   </div>
   <div class='ocr_carea' id='block_1_6' title="bbox 90 1634 1278 1725">
    <p class='ocr_par' dir='ltr' id='par_1_6' title="bbox 90 1634 1278 1725">
     <span class='ocr_line' id='line_1_13' title="bbox 90 1634 1278 1725; baseline 0.015 -30"><span class='ocrx_word' id='word_1_86' title='bbox 90 1652 133 1711; x_wconf 86' lang='lat' dir='ltr'><strong>ss,</strong></span> <span class='ocrx_word' id='word_1_87' title='bbox 154 1655 229 1719; x_wconf 88' lang='lat' dir='ltr'><strong>quae</strong></span> <span class='ocrx_word' id='word_1_88' title='bbox 251 1655 313 1698; x_wconf 87' lang='lat' dir='ltr'><strong>eam</strong></span> <span class='ocrx_word' id='word_1_89' title='bbox 335 1634 440 1706; x_wconf 80' lang='lat' dir='ltr'><strong>subiit,</strong></span> <span class='ocrx_word' id='word_1_90' title='bbox 473 1653 529 1695; x_wconf 91' lang='lat' dir='ltr'><strong>non</strong></span> <span class='ocrx_word' id='word_1_91' title='bbox 551 1643 658 1699; x_wconf 79' lang='lat' dir='ltr'><strong>tantmn</strong></span> <span class='ocrx_word' id='word_1_92' title='bbox 682 1646 729 1698; x_wconf 83' lang='lat' dir='ltr'><strong>eat</strong></span> <span class='ocrx_word' id='word_1_93' title='bbox 745 1655 830 1703; x_wconf 65' lang='lat' dir='ltr'><strong>vous</strong></span> <span class='ocrx_word' id='word_1_94' title='bbox 848 1649 878 1704; x_wconf 90' lang='lat' dir='ltr'><strong>et</strong></span> <span class='ocrx_word' id='word_1_95' title='bbox 897 1641 1029 1725; x_wconf 80' lang='lat' dir='ltr'><strong>perfeeto</strong></span> <span class='ocrx_word' id='word_1_96' title='bbox 1048 1660 1165 1712; x_wconf 78' lang='lat' dir='ltr'><strong>sauctus</strong></span> <span class='ocrx_word' id='word_1_97' title='bbox 1271 1639 1278 1667; x_wconf 73' lang='lat'>⁸</span> 
     </span>
    </p>
   </div>
   <div class='ocr_carea' id='block_1_7' title="bbox 89 1711 1255 2117">
    <p class='ocr_par' dir='ltr' id='par_1_7' title="bbox 90 1711 1167 1799">
     <span class='ocr_line' id='line_1_14' title="bbox 90 1711 1167 1799; baseline 0.016 -21"><span class='ocrx_word' id='word_1_98' title='bbox 90 1736 143 1794; x_wconf 87' lang='lat' dir='ltr'><strong>oo,</strong></span> <span class='ocrx_word' id='word_1_99' title='bbox 166 1718 221 1783; x_wconf 83' lang='lat' dir='ltr'><strong>sei</strong></span> <span class='ocrx_word' id='word_1_100' title='bbox 242 1721 329 1781; x_wconf 83' lang='lat' dir='ltr'><strong>etism</strong></span> <span class='ocrx_word' id='word_1_101' title='bbox 350 1717 513 1799; x_wconf 77' lang='lat' dir='ltr'><strong>unigenitus</strong></span> <span class='ocrx_word' id='word_1_102' title='bbox 532 1714 606 1781; x_wconf 81' lang='lat' dir='ltr'><strong>nsst</strong></span> <span class='ocrx_word' id='word_1_103' title='bbox 624 1711 739 1794; x_wconf 74' lang='lat' dir='ltr'><strong>attins,</strong></span> <span class='ocrx_word' id='word_1_104' title='bbox 768 1719 897 1793; x_wconf 64' lang='lat' dir='ltr'><strong>eiusdem</strong></span> <span class='ocrx_word' id='word_1_105' title='bbox 916 1736 1055 1791; x_wconf 88' lang='lat' dir='ltr'><strong>aeternae</strong></span> <span class='ocrx_word' id='word_1_106' title='bbox 1075 1741 1105 1792; x_wconf 92' lang='lat' dir='ltr'><strong>et</strong></span> <span class='ocrx_word' id='word_1_107' title='bbox 1122 1733 1167 1795; x_wconf 90' lang='lat' dir='ltr'><strong>iu·</strong></span> 
     </span>
    </p>

    <p class='ocr_par' dir='ltr' id='par_1_8' title="bbox 90 1799 1166 1886">
     <span class='ocr_line' id='line_1_15' title="bbox 90 1799 1166 1886; baseline 0.007 -27"><span class='ocrx_word' id='word_1_108' title='bbox 90 1799 145 1867; x_wconf 80' lang='lat' dir='ltr'><strong>itae</strong></span> <span class='ocrx_word' id='word_1_109' title='bbox 168 1824 232 1866; x_wconf 86' lang='lat' dir='ltr'><strong>earn</strong></span> <span class='ocrx_word' id='word_1_110' title='bbox 248 1802 337 1864; x_wconf 88' lang='lat' dir='ltr'><strong>Patre</strong></span> <span class='ocrx_word' id='word_1_111' title='bbox 361 1812 391 1863; x_wconf 89' lang='lat' dir='ltr'><strong>et</strong></span> <span class='ocrx_word' id='word_1_112' title='bbox 412 1800 521 1881; x_wconf 80' lang='lat' dir='ltr'><strong>Spiritu</strong></span> <span class='ocrx_word' id='word_1_113' title='bbox 544 1801 576 1863; x_wconf 88' lang='lat' dir='ltr'><strong>S.</strong></span> <span class='ocrx_word' id='word_1_114' title='bbox 597 1805 754 1877; x_wconf 79' lang='lat' dir='ltr'><strong>nonnullae,</strong></span> <span class='ocrx_word' id='word_1_115' title='bbox 777 1804 889 1886; x_wconf 81' lang='lat' dir='ltr'><strong>qualern</strong></span> <span class='ocrx_word' id='word_1_116' title='bbox 909 1820 1036 1873; x_wconf 79' lang='lat' dir='ltr'><strong>nostmn</strong></span> <span class='ocrx_word' id='word_1_117' title='bbox 1057 1810 1166 1878; x_wconf 65' lang='lat' dir='ltr'><strong>Serra.</strong></span> 
     </span>
    </p>

    <p class='ocr_par' dir='ltr' id='par_1_9' title="bbox 89 1883 1255 1971">
     <span class='ocr_line' id='line_1_16' title="bbox 89 1883 1255 1971; baseline 0.014 -26"><span class='ocrx_word' id='word_1_118' title='bbox 89 1903 140 1950; x_wconf 86' lang='lat' dir='ltr'><strong>eun</strong></span> <span class='ocrx_word' id='word_1_119' title='bbox 159 1908 227 1950; x_wconf 86' lang='lat' dir='ltr'><strong>esse</strong></span> <span class='ocrx_word' id='word_1_120' title='bbox 248 1887 407 1968; x_wconf 79' lang='lat' dir='ltr'><strong>oportebat.</strong></span> <span class='ocrx_word' id='word_1_121' title='bbox 451 1883 583 1958; x_wconf 86' lang='lat' dir='ltr'><strong>Deinde,</strong></span> <span class='ocrx_word' id='word_1_122' title='bbox 614 1888 680 1966; x_wconf 82' lang='lat' dir='ltr'><strong>quis</strong></span> <span class='ocrx_word' id='word_1_123' title='bbox 707 1907 783 1949; x_wconf 78' lang='lat' dir='ltr'><strong>noers</strong></span> <span class='ocrx_word' id='word_1_124' title='bbox 812 1889 902 1971; x_wconf 85' lang='lat' dir='ltr'><strong>ipeios</strong></span> <span class='ocrx_word' id='word_1_125' title='bbox 934 1891 988 1954; x_wconf 80' lang='lat' dir='ltr'><strong>fnit</strong></span> <span class='ocrx_word' id='word_1_126' title='bbox 1011 1897 1166 1960; x_wconf 77' lang='lat' dir='ltr'><strong>coniuncta</strong></span> <span class='ocrx_word' id='word_1_127' title='bbox 1249 1910 1255 1926; x_wconf 79' lang='lat'><strong>¹</strong></span> 
     </span>
    </p>

    <p class='ocr_par' dir='ltr' id='par_1_10' title="bbox 89 1967 1165 2117">
     <span class='ocr_line' id='line_1_17' title="bbox 89 1967 1165 2117; baseline 0.01 -85"><span class='ocrx_word' id='word_1_128' title='bbox 89 1986 126 2117; x_wconf 61' lang='lat' dir='ltr'><strong>e.</strong></span> <span class='ocrx_word' id='word_1_129' title='bbox 128 1992 216 2033; x_wconf 82' lang='lat' dir='ltr'><strong>sensu</strong></span> <span class='ocrx_word' id='word_1_130' title='bbox 237 1973 298 2031; x_wconf 86' lang='lat' dir='ltr'><strong>irae</strong></span> <span class='ocrx_word' id='word_1_131' title='bbox 309 1968 377 2112; x_wconf 46' lang='lat' dir='ltr'><strong>&#39;iiii</strong></span> <span class='ocrx_word' id='word_1_132' title='bbox 400 1979 429 2028; x_wconf 88' lang='lat' dir='ltr'><strong>et</strong></span> <span class='ocrx_word' id='word_1_133' title='bbox 456 1967 678 2043; x_wconf 79' lang='lat' dir='ltr'><strong>maledictionis,</strong></span> <span class='ocrx_word' id='word_1_134' title='bbox 708 1991 792 2051; x_wconf 79' lang='lat' dir='ltr'><strong>quana</strong></span> <span class='ocrx_word' id='word_1_135' title='bbox 820 1993 873 2033; x_wconf 91' lang='lat' dir='ltr'><strong>nos</strong></span> <span class='ocrx_word' id='word_1_136' title='bbox 902 1979 1031 2056; x_wconf 82' lang='lat' dir='ltr'><strong>pereatis</strong></span> <span class='ocrx_word' id='word_1_137' title='bbox 1059 1986 1165 2044; x_wconf 78' lang='lat' dir='ltr'><strong>nostris</strong></span> 
     </span>
     <span class='ocr_line' id='line_1_18' title="bbox 126 2073 352 2116; baseline -0.013 -1"><span class='ocrx_word' id='word_1_138' title='bbox 126 2076 161 2116; x_wconf 91' lang='lat' dir='ltr'><strong>us</strong></span> <span class='ocrx_word' id='word_1_139' title='bbox 183 2073 317 2115; x_wconf 85' lang='lat' dir='ltr'><strong>eornmern</strong></span> <span class='ocrx_word' id='word_1_140' title='bbox 345 2097 352 2112; x_wconf 89' lang='lat'><strong>.</strong></span> 
     </span>
    </p>
   </div>
   <div class='ocr_carea' id='block_1_8' title="bbox 589 2217 627 2278">
    <p class='ocr_par' dir='ltr' id='par_1_11' title="bbox 589 2217 627 2278">
     <span class='ocr_line' id='line_1_19' title="bbox 589 2217 627 2278; baseline -0.053 0"><span class='ocrx_word' id='word_1_141' title='bbox 589 2217 627 2278; x_wconf 88' lang='lat' dir='ltr'><strong>V.</strong></span> 
     </span>
    </p>
   </div>
   <div class='ocr_carea' id='block_1_9' title="bbox 89 2331 1164 2588">
    <p class='ocr_par' dir='ltr' id='par_1_12' title="bbox 89 2331 1164 2588">
     <span class='ocr_line' id='line_1_20' title="bbox 129 2331 1164 2421; baseline 0.003 -21"><span class='ocrx_word' id='word_1_142' title='bbox 129 2337 285 2401; x_wconf 64' lang='lat' dir='ltr'><strong>&amp;eumn</strong></span> <span class='ocrx_word' id='word_1_143' title='bbox 306 2335 458 2419; x_wconf 84' lang='lat' dir='ltr'><strong>promissio</strong></span> <span class='ocrx_word' id='word_1_144' title='bbox 477 2331 628 2415; x_wconf 71' lang='lat' dir='ltr'><strong>Evangelii</strong></span> <span class='ocrx_word' id='word_1_145' title='bbox 650 2345 706 2406; x_wconf 87' lang='lat' dir='ltr'><strong>est,</strong></span> <span class='ocrx_word' id='word_1_146' title='bbox 727 2346 757 2396; x_wconf 85' lang='lat' dir='ltr'><strong>at</strong></span> <span class='ocrx_word' id='word_1_147' title='bbox 771 2338 898 2421; x_wconf 74' lang='lat' dir='ltr'><strong>quiaquia</strong></span> <span class='ocrx_word' id='word_1_148' title='bbox 920 2337 1013 2398; x_wconf 83' lang='lat' dir='ltr'><strong>eredit</strong></span> <span class='ocrx_word' id='word_1_149' title='bbox 1033 2341 1062 2400; x_wconf 93' lang='lat' dir='ltr'><strong>iu</strong></span> <span class='ocrx_word' id='word_1_150' title='bbox 1076 2340 1164 2405; x_wconf 85' lang='lat' dir='ltr'><strong>Chri·</strong></span> 
     </span>
     <span class='ocr_line' id='line_1_21' title="bbox 89 2414 1163 2501; baseline 0.007 -19"><span class='ocrx_word' id='word_1_151' title='bbox 89 2434 120 2482; x_wconf 74' lang='grc' dir='ltr'>Ι</span> <span class='ocrx_word' id='word_1_152' title='bbox 140 2421 325 2495; x_wconf 79' lang='lat' dir='ltr'><strong>crucifixum,</strong></span> <span class='ocrx_word' id='word_1_153' title='bbox 348 2441 403 2481; x_wconf 93' lang='lat' dir='ltr'><strong>non</strong></span> <span class='ocrx_word' id='word_1_154' title='bbox 425 2427 543 2499; x_wconf 88' lang='lat' dir='ltr'><strong>pereat,</strong></span> <span class='ocrx_word' id='word_1_155' title='bbox 573 2414 625 2479; x_wconf 82' lang='lat' dir='ltr'><strong>aei</strong></span> <span class='ocrx_word' id='word_1_156' title='bbox 647 2416 749 2479; x_wconf 76' lang='lat' dir='ltr'><strong>habeut</strong></span> <span class='ocrx_word' id='word_1_157' title='bbox 770 2421 855 2481; x_wconf 84' lang='lat' dir='ltr'><strong>vitam</strong></span> <span class='ocrx_word' id='word_1_158' title='bbox 876 2432 1033 2485; x_wconf 81' lang='lat' dir='ltr'><strong>aeteruum.</strong></span> <span class='ocrx_word' id='word_1_159' title='bbox 1079 2425 1163 2501; x_wconf 81' lang='lat' dir='ltr'><strong>Quae</strong></span> 
     </span>
     <span class='ocr_line' id='line_1_22' title="bbox 89 2501 1163 2588; baseline 0.005 -21"><span class='ocrx_word' id='word_1_160' title='bbox 89 2507 198 2567; x_wconf 68' lang='lat' dir='ltr'><strong>missio</strong></span> <span class='ocrx_word' id='word_1_161' title='bbox 218 2506 347 2566; x_wconf 81' lang='lat' dir='ltr'><strong>omuibus</strong></span> <span class='ocrx_word' id='word_1_162' title='bbox 368 2503 478 2584; x_wconf 88' lang='lat' dir='ltr'><strong>populis</strong></span> <span class='ocrx_word' id='word_1_163' title='bbox 499 2512 529 2563; x_wconf 87' lang='lat' dir='ltr'><strong>et</strong></span> <span class='ocrx_word' id='word_1_164' title='bbox 549 2501 730 2575; x_wconf 72' lang='lat' dir='ltr'><strong>tennione,</strong></span> <span class='ocrx_word' id='word_1_165' title='bbox 758 2501 796 2565; x_wconf 81' lang='lat' dir='ltr'><strong>sal</strong></span> <span class='ocrx_word' id='word_1_166' title='bbox 829 2523 901 2584; x_wconf 82' lang='lat' dir='ltr'><strong>quoe</strong></span> <span class='ocrx_word' id='word_1_167' title='bbox 921 2503 1004 2566; x_wconf 81' lang='lat' dir='ltr'><strong>Deua</strong></span> <span class='ocrx_word' id='word_1_168' title='bbox 1031 2526 1085 2588; x_wconf 87' lang='lat' dir='ltr'><strong>pro</strong></span> <span class='ocrx_word' id='word_1_169' title='bbox 1110 2531 1163 2572; x_wconf 90' lang='lat' dir='ltr'><strong>suo</strong></span> 
     </span>
    </p>
   </div>
   <div class='ocr_carea' id='block_1_10' title="bbox 91 2585 1269 2671">
    <p class='ocr_par' dir='ltr' id='par_1_13' title="bbox 91 2585 1269 2671">
     <span class='ocr_line' id='line_1_23' title="bbox 91 2585 1269 2671; baseline 0.006 -23"><span class='ocrx_word' id='word_1_170' title='bbox 91 2591 224 2671; x_wconf 76' lang='lat' dir='ltr'><strong>eplaeito</strong></span> <span class='ocrx_word' id='word_1_171' title='bbox 254 2590 340 2649; x_wconf 89' lang='lat' dir='ltr'><strong>mittit</strong></span> <span class='ocrx_word' id='word_1_172' title='bbox 359 2586 564 2666; x_wconf 77' lang='lat' dir='ltr'><strong>Euangeliou,</strong></span> <span class='ocrx_word' id='word_1_173' title='bbox 593 2585 755 2669; x_wconf 81' lang='lat' dir='ltr'><strong>promiscue</strong></span> <span class='ocrx_word' id='word_1_174' title='bbox 787 2598 818 2649; x_wconf 86' lang='lat' dir='ltr'><strong>et</strong></span> <span class='ocrx_word' id='word_1_175' title='bbox 845 2585 1090 2652; x_wconf 74' lang='lat' dir='ltr'><strong>indiscriminatim</strong></span> <span class='ocrx_word' id='word_1_176' title='bbox 1109 2614 1161 2656; x_wconf 85' lang='lat' dir='ltr'><strong>au·</strong></span> <span class='ocrx_word' id='word_1_177' title='bbox 1265 2598 1269 2605; x_wconf 83' lang='lat'>&#39;</span> 
     </span>
    </p>
   </div>
   <div class='ocr_carea' id='block_1_11' title="bbox 89 2669 1091 2753">
    <p class='ocr_par' dir='ltr' id='par_1_14' title="bbox 89 2669 1091 2753">
     <span class='ocr_line' id='line_1_24' title="bbox 89 2669 1091 2753; baseline -0.001 -17"><span class='ocrx_word' id='word_1_178' title='bbox 89 2675 169 2736; x_wconf 75' lang='lat' dir='ltr'><strong>tion·</strong></span> <span class='ocrx_word' id='word_1_179' title='bbox 191 2674 360 2753; x_wconf 86' lang='lat' dir='ltr'><strong>elproponi</strong></span> <span class='ocrx_word' id='word_1_180' title='bbox 381 2670 550 2732; x_wconf 82' lang='lat' dir='ltr'><strong>debetcum</strong></span> <span class='ocrx_word' id='word_1_181' title='bbox 572 2670 791 2750; x_wconf 79' lang='lat' dir='ltr'><strong>resipiscentiae</strong></span> <span class='ocrx_word' id='word_1_182' title='bbox 813 2681 843 2732; x_wconf 83' lang='lat' dir='ltr'><strong>et</strong></span> <span class='ocrx_word' id='word_1_183' title='bbox 863 2669 929 2731; x_wconf 81' lang='lat' dir='ltr'><strong>fidei</strong></span> <span class='ocrx_word' id='word_1_184' title='bbox 951 2670 1091 2735; x_wconf 79' lang='lat' dir='ltr'><strong>mandato.</strong></span> 
     </span>
    </p>
   </div>
   <div class='ocr_carea' id='block_1_12' title="bbox 578 2854 634 2918">
    <p class='ocr_par' dir='ltr' id='par_1_15' title="bbox 578 2854 634 2918">
     <span class='ocr_line' id='line_1_25' title="bbox 578 2854 634 2918; baseline -0.054 -1"><span class='ocrx_word' id='word_1_185' title='bbox 578 2854 634 2918; x_wconf 85' lang='lat' dir='ltr'><strong>vt.</strong></span> 
     </span>
    </p>
   </div>
   <div class='ocr_carea' id='block_1_13' title="bbox 88 2964 1160 3304">
    <p class='ocr_par' dir='ltr' id='par_1_16' title="bbox 88 2964 1160 3304">
     <span class='ocr_line' id='line_1_26' title="bbox 127 2964 1159 3054; baseline 0.001 -21"><span class='ocrx_word' id='word_1_186' title='bbox 127 2972 213 3049; x_wconf 81' lang='lat' dir='ltr'><strong>Quoi</strong></span> <span class='ocrx_word' id='word_1_187' title='bbox 239 2983 333 3033; x_wconf 88' lang='lat' dir='ltr'><strong>autem</strong></span> <span class='ocrx_word' id='word_1_188' title='bbox 361 2972 440 3031; x_wconf 89' lang='lat' dir='ltr'><strong>molti</strong></span> <span class='ocrx_word' id='word_1_189' title='bbox 467 2989 520 3052; x_wconf 88' lang='lat' dir='ltr'><strong>per</strong></span> <span class='ocrx_word' id='word_1_190' title='bbox 546 2968 735 3051; x_wconf 76' lang='lat' dir='ltr'><strong>Euangeliou</strong></span> <span class='ocrx_word' id='word_1_191' title='bbox 763 2972 854 3033; x_wconf 86' lang='lat' dir='ltr'><strong>voeati</strong></span> <span class='ocrx_word' id='word_1_192' title='bbox 881 2989 939 3030; x_wconf 93' lang='lat' dir='ltr'><strong>uon</strong></span> <span class='ocrx_word' id='word_1_193' title='bbox 975 2964 1159 3054; x_wconf 80' lang='lat' dir='ltr'><strong>reeipiaeont,</strong></span> 
     </span>
     <span class='ocr_line' id='line_1_27' title="bbox 108 3053 1158 3135; baseline 0.001 -17"><span class='ocrx_word' id='word_1_194' title='bbox 108 3057 142 3118; x_wconf 87' lang='lat' dir='ltr'><strong>in</strong></span> <span class='ocrx_word' id='word_1_195' title='bbox 152 3057 298 3118; x_wconf 76' lang='lat' dir='ltr'><strong>Christum</strong></span> <span class='ocrx_word' id='word_1_196' title='bbox 309 3055 441 3127; x_wconf 86' lang='lat' dir='ltr'><strong>eredunt,</strong></span> <span class='ocrx_word' id='word_1_197' title='bbox 462 3054 514 3115; x_wconf 83' lang='lat' dir='ltr'><strong>sed</strong></span> <span class='ocrx_word' id='word_1_198' title='bbox 530 3054 696 3116; x_wconf 83' lang='lat' dir='ltr'><strong>infidelitate</strong></span> <span class='ocrx_word' id='word_1_199' title='bbox 710 3067 843 3135; x_wconf 87' lang='lat' dir='ltr'><strong>pereunt,</strong></span> <span class='ocrx_word' id='word_1_200' title='bbox 860 3074 915 3116; x_wconf 94' lang='lat' dir='ltr'><strong>non</strong></span> <span class='ocrx_word' id='word_1_201' title='bbox 931 3053 962 3115; x_wconf 90' lang='lat' dir='ltr'><strong>lit</strong></span> <span class='ocrx_word' id='word_1_202' title='bbox 979 3055 1033 3118; x_wconf 84' lang='lat' dir='ltr'><strong>hou</strong></span> <span class='ocrx_word' id='word_1_203' title='bbox 1047 3057 1158 3121; x_wconf 84' lang='lat' dir='ltr'><strong>ltostiae</strong></span> 
     </span>
     <span class='ocr_line' id='line_1_28' title="bbox 88 3133 1160 3304; baseline 0.002 -102"><span class='ocrx_word' id='word_1_204' title='bbox 88 3133 272 3304; x_wconf 37' lang='lat' dir='ltr'><strong>&#39;1³:33⁰pr</strong></span> <span class='ocrx_word' id='word_1_205' title='bbox 282 3159 367 3202; x_wconf 80' lang='lat' dir='ltr'><strong>eruce</strong></span> <span class='ocrx_word' id='word_1_206' title='bbox 388 3139 499 3200; x_wconf 88' lang='lat' dir='ltr'><strong>oblatae</strong></span> <span class='ocrx_word' id='word_1_207' title='bbox 521 3137 647 3213; x_wconf 80' lang='lat' dir='ltr'><strong>defertu,</strong></span> <span class='ocrx_word' id='word_1_208' title='bbox 671 3139 717 3202; x_wconf 81' lang='lat' dir='ltr'><strong>vel</strong></span> <span class='ocrx_word' id='word_1_209' title='bbox 741 3139 951 3211; x_wconf 83' lang='lat' dir='ltr'><strong>insufficientia,</strong></span> <span class='ocrx_word' id='word_1_210' title='bbox 973 3137 1024 3199; x_wconf 87' lang='lat' dir='ltr'><strong>aed</strong></span> <span class='ocrx_word' id='word_1_211' title='bbox 1044 3145 1160 3223; x_wconf 90' lang='lat' dir='ltr'><strong>propriu</strong></span> 
     </span>
    </p>
   </div>
   <div class='ocr_carea' id='block_1_14' title="bbox 565 3389 636 3451">
    <p class='ocr_par' dir='ltr' id='par_1_17' title="bbox 565 3389 636 3451">
     <span class='ocr_line' id='line_1_29' title="bbox 565 3389 636 3451; baseline 0.014 -1"><span class='ocrx_word' id='word_1_212' title='bbox 565 3389 636 3451; x_wconf 83' lang='lat' dir='ltr'><strong>Vll.</strong></span> 
     </span>
    </p>
   </div>
   <div class='ocr_carea' id='block_1_15' title="bbox 87 3502 1232 3839">
    <p class='ocr_par' dir='ltr' id='par_1_18' title="bbox 87 3502 1160 3757">
     <span class='ocr_line' id='line_1_30' title="bbox 128 3502 1158 3591; baseline -0.003 -20"><span class='ocrx_word' id='word_1_213' title='bbox 128 3510 275 3591; x_wconf 79' lang='lat' dir='ltr'><strong>Quotquot</strong></span> <span class='ocrx_word' id='word_1_214' title='bbox 295 3519 387 3569; x_wconf 83' lang='lat' dir='ltr'><strong>autern</strong></span> <span class='ocrx_word' id='word_1_215' title='bbox 418 3525 486 3568; x_wconf 82' lang='lat' dir='ltr'><strong>vere</strong></span> <span class='ocrx_word' id='word_1_216' title='bbox 515 3504 654 3580; x_wconf 82' lang='lat' dir='ltr'><strong>eredunt,</strong></span> <span class='ocrx_word' id='word_1_217' title='bbox 681 3517 711 3568; x_wconf 89' lang='lat' dir='ltr'><strong>et</strong></span> <span class='ocrx_word' id='word_1_218' title='bbox 737 3524 789 3585; x_wconf 81' lang='lat' dir='ltr'><strong>per</strong></span> <span class='ocrx_word' id='word_1_219' title='bbox 816 3515 936 3573; x_wconf 85' lang='lat' dir='ltr'><strong>mortens</strong></span> <span class='ocrx_word' id='word_1_220' title='bbox 960 3502 1158 3568; x_wconf 69' lang='lat' dir='ltr'><strong>ctttitstta</strong></span> 
     </span>
     <span class='ocr_line' id='line_1_31' title="bbox 87 3588 1158 3666; baseline -0.005 -12"><span class='ocrx_word' id='word_1_221' title='bbox 87 3596 194 3666; x_wconf 74' lang='lat' dir='ltr'><strong>tatis,</strong></span> <span class='ocrx_word' id='word_1_222' title='bbox 212 3605 242 3654; x_wconf 90' lang='lat' dir='ltr'><strong>et</strong></span> <span class='ocrx_word' id='word_1_223' title='bbox 260 3593 376 3653; x_wconf 87' lang='lat' dir='ltr'><strong>interitu</strong></span> <span class='ocrx_word' id='word_1_224' title='bbox 398 3590 553 3652; x_wconf 81' lang='lat' dir='ltr'><strong>liberantur</strong></span> <span class='ocrx_word' id='word_1_225' title='bbox 574 3611 609 3651; x_wconf 87' lang='lat' dir='ltr'><strong>ae</strong></span> <span class='ocrx_word' id='word_1_226' title='bbox 627 3600 797 3662; x_wconf 80' lang='lat' dir='ltr'><strong>servantur,</strong></span> <span class='ocrx_word' id='word_1_227' title='bbox 821 3589 878 3650; x_wconf 88' lang='lat' dir='ltr'><strong>illia</strong></span> <span class='ocrx_word' id='word_1_228' title='bbox 900 3588 954 3650; x_wconf 80' lang='lat' dir='ltr'><strong>lton</strong></span> <span class='ocrx_word' id='word_1_229' title='bbox 974 3588 1158 3662; x_wconf 78' lang='lat' dir='ltr'><strong>beaulieiunr,</strong></span> 
     </span>
     <span class='ocr_line' id='line_1_32' title="bbox 92 3671 1160 3757; baseline -0.005 -18"><span class='ocrx_word' id='word_1_230' title='bbox 92 3679 166 3739; x_wconf 74' lang='lat' dir='ltr'><strong>sota</strong></span> <span class='ocrx_word' id='word_1_231' title='bbox 181 3675 237 3737; x_wconf 78' lang='lat' dir='ltr'><strong>oet</strong></span> <span class='ocrx_word' id='word_1_232' title='bbox 259 3677 365 3756; x_wconf 84' lang='lat' dir='ltr'><strong>gratia,</strong></span> <span class='ocrx_word' id='word_1_233' title='bbox 387 3694 469 3757; x_wconf 83' lang='lat' dir='ltr'><strong>quana</strong></span> <span class='ocrx_word' id='word_1_234' title='bbox 484 3675 592 3737; x_wconf 87' lang='lat' dir='ltr'><strong>nemini</strong></span> <span class='ocrx_word' id='word_1_235' title='bbox 614 3673 710 3746; x_wconf 83' lang='lat' dir='ltr'><strong>debet,</strong></span> <span class='ocrx_word' id='word_1_236' title='bbox 731 3673 767 3733; x_wconf 78' lang='lat' dir='ltr'><strong>alt</strong></span> <span class='ocrx_word' id='word_1_237' title='bbox 780 3683 898 3734; x_wconf 82' lang='lat' dir='ltr'><strong>aeterno</strong></span> <span class='ocrx_word' id='word_1_238' title='bbox 914 3673 982 3753; x_wconf 83' lang='lat' dir='ltr'><strong>ipsis</strong></span> <span class='ocrx_word' id='word_1_239' title='bbox 1004 3674 1033 3733; x_wconf 94' lang='lat' dir='ltr'><strong>in</strong></span> <span class='ocrx_word' id='word_1_240' title='bbox 1047 3671 1160 3734; x_wconf 82' lang='lat' dir='ltr'><strong>ctttu·</strong></span> 
     </span>
    </p>

    <p class='ocr_par' dir='ltr' id='par_1_19' title="bbox 87 3752 1232 3839">
     <span class='ocr_line' id='line_1_33' title="bbox 87 3752 1232 3839; baseline -0.003 -23"><span class='ocrx_word' id='word_1_241' title='bbox 87 3752 121 3816; x_wconf 88' lang='lat'><strong>[)</strong></span> <span class='ocrx_word' id='word_1_242' title='bbox 136 3759 217 3836; x_wconf 76' lang='lat' dir='ltr'><strong>dala,</strong></span> <span class='ocrx_word' id='word_1_243' title='bbox 236 3760 368 3839; x_wconf 84' lang='lat' dir='ltr'><strong>obtingit.</strong></span> <span class='ocrx_word' id='word_1_244' title='bbox 1229 3770 1232 3776; x_wconf 88' lang='grc'><strong>’</strong></span> 
     </span>
    </p>
   </div>
   <div class='ocr_carea' id='block_1_16' title="bbox 560 3922 643 3985">
    <p class='ocr_par' dir='ltr' id='par_1_20' title="bbox 560 3922 643 3985">
     <span class='ocr_line' id='line_1_34' title="bbox 560 3922 643 3985; baseline -0.012 -1"><span class='ocrx_word' id='word_1_245' title='bbox 560 3922 643 3985; x_wconf 88' lang='lat' dir='ltr'><strong>Vlll.</strong></span> 
     </span>
    </p>
   </div>
   <div class='ocr_carea' id='block_1_17' title="bbox 86 4035 1160 4375">
    <p class='ocr_par' dir='ltr' id='par_1_21' title="bbox 86 4035 1160 4277">
     <span class='ocr_line' id='line_1_35' title="bbox 126 4035 1160 4114; baseline -0.011 -10"><span class='ocrx_word' id='word_1_246' title='bbox 126 4041 198 4105; x_wconf 81' lang='lat' dir='ltr'><strong>Fuit</strong></span> <span class='ocrx_word' id='word_1_247' title='bbox 222 4043 299 4107; x_wconf 80' lang='lat' dir='ltr'><strong>enin</strong></span> <span class='ocrx_word' id='word_1_248' title='bbox 320 4043 374 4105; x_wconf 87' lang='lat' dir='ltr'><strong>ltoe</strong></span> <span class='ocrx_word' id='word_1_249' title='bbox 394 4039 450 4103; x_wconf 87' lang='lat' dir='ltr'><strong>Dei</strong></span> <span class='ocrx_word' id='word_1_250' title='bbox 472 4039 569 4103; x_wconf 89' lang='lat' dir='ltr'><strong>Patris</strong></span> <span class='ocrx_word' id='word_1_251' title='bbox 597 4039 770 4101; x_wconf 82' lang='lat' dir='ltr'><strong>liberrimum</strong></span> <span class='ocrx_word' id='word_1_252' title='bbox 801 4037 970 4108; x_wconf 81' lang='lat' dir='ltr'><strong>eonsilium,</strong></span> <span class='ocrx_word' id='word_1_253' title='bbox 1000 4045 1029 4097; x_wconf 88' lang='lat' dir='ltr'><strong>et</strong></span> <span class='ocrx_word' id='word_1_254' title='bbox 1049 4035 1160 4114; x_wconf 86' lang='lat' dir='ltr'><strong>gratio·</strong></span> 
     </span>
     <span class='ocr_line' id='line_1_36' title="bbox 86 4117 1158 4211; baseline -0.013 -21"><span class='ocrx_word' id='word_1_255' title='bbox 86 4117 159 4211; x_wconf 59' lang='lat' dir='ltr'><strong>liuta</strong></span> <span class='ocrx_word' id='word_1_256' title='bbox 179 4126 309 4189; x_wconf 85' lang='lat' dir='ltr'><strong>voluutas</strong></span> <span class='ocrx_word' id='word_1_257' title='bbox 327 4138 412 4206; x_wconf 85' lang='lat' dir='ltr'><strong>atque</strong></span> <span class='ocrx_word' id='word_1_258' title='bbox 434 4125 572 4198; x_wconf 86' lang='lat' dir='ltr'><strong>intentio,</strong></span> <span class='ocrx_word' id='word_1_259' title='bbox 600 4133 632 4184; x_wconf 86' lang='lat' dir='ltr'><strong>ut</strong></span> <span class='ocrx_word' id='word_1_260' title='bbox 653 4123 752 4186; x_wconf 83' lang='lat' dir='ltr'><strong>nortis</strong></span> <span class='ocrx_word' id='word_1_261' title='bbox 779 4121 1003 4203; x_wconf 76' lang='lat' dir='ltr'><strong>pretiosissimae</strong></span> <span class='ocrx_word' id='word_1_262' title='bbox 1023 4117 1092 4178; x_wconf 83' lang='lat' dir='ltr'><strong>Filii</strong></span> <span class='ocrx_word' id='word_1_263' title='bbox 1112 4121 1158 4193; x_wconf 83' lang='lat' dir='ltr'><strong>spi</strong></span> 
     </span>
     <span class='ocr_line' id='line_1_37' title="bbox 86 4201 1157 4277; baseline -0.014 0"><span class='ocrx_word' id='word_1_264' title='bbox 86 4206 157 4277; x_wconf 77' lang='lat' dir='ltr'><strong>llice</strong></span> <span class='ocrx_word' id='word_1_265' title='bbox 176 4222 206 4273; x_wconf 87' lang='lat' dir='ltr'><strong>et</strong></span> <span class='ocrx_word' id='word_1_266' title='bbox 229 4210 355 4272; x_wconf 79' lang='lat' dir='ltr'><strong>salvifica</strong></span> <span class='ocrx_word' id='word_1_267' title='bbox 373 4210 500 4273; x_wconf 82' lang='lat' dir='ltr'><strong>efficacia</strong></span> <span class='ocrx_word' id='word_1_268' title='bbox 527 4228 594 4270; x_wconf 83' lang='lat' dir='ltr'><strong>oeae</strong></span> <span class='ocrx_word' id='word_1_269' title='bbox 620 4217 756 4270; x_wconf 74' lang='lat' dir='ltr'><strong>caerem</strong></span> <span class='ocrx_word' id='word_1_270' title='bbox 775 4208 805 4268; x_wconf 89' lang='lat' dir='ltr'><strong>in</strong></span> <span class='ocrx_word' id='word_1_271' title='bbox 832 4205 962 4269; x_wconf 79' lang='lat' dir='ltr'><strong>onnitun</strong></span> <span class='ocrx_word' id='word_1_272' title='bbox 982 4201 1102 4274; x_wconf 76' lang='lat' dir='ltr'><strong>electis,</strong></span> <span class='ocrx_word' id='word_1_273' title='bbox 1119 4201 1157 4262; x_wconf 72' lang='lat' dir='ltr'><strong>all</strong></span> 
     </span>
    </p>

    <p class='ocr_par' dir='ltr' id='par_1_22' title="bbox 109 4284 1158 4375">
     <span class='ocr_line' id='line_1_38' title="bbox 109 4284 1158 4375; baseline -0.01 -15"><span class='ocrx_word' id='word_1_274' title='bbox 109 4295 196 4360; x_wconf 91' lang='lat' dir='ltr'><strong>-solos</strong></span> <span class='ocrx_word' id='word_1_275' title='bbox 217 4290 274 4359; x_wconf 84' lang='lat' dir='ltr'><strong>fito</strong></span> <span class='ocrx_word' id='word_1_276' title='bbox 295 4294 465 4358; x_wconf 84' lang='lat' dir='ltr'><strong>ioetilieaute</strong></span> <span class='ocrx_word' id='word_1_277' title='bbox 486 4290 642 4367; x_wconf 75' lang='lat' dir='ltr'><strong>donandos,</strong></span> <span class='ocrx_word' id='word_1_278' title='bbox 665 4301 697 4354; x_wconf 84' lang='lat' dir='ltr'><strong>et</strong></span> <span class='ocrx_word' id='word_1_279' title='bbox 713 4310 768 4375; x_wconf 79' lang='lat' dir='ltr'><strong>per</strong></span> <span class='ocrx_word' id='word_1_280' title='bbox 788 4309 851 4355; x_wconf 82' lang='lat' dir='ltr'><strong>esus</strong></span> <span class='ocrx_word' id='word_1_281' title='bbox 876 4288 914 4353; x_wconf 83' lang='lat' dir='ltr'><strong>si</strong></span> <span class='ocrx_word' id='word_1_282' title='bbox 936 4286 1055 4351; x_wconf 69' lang='lat' dir='ltr'><strong>uoluunt</strong></span> <span class='ocrx_word' id='word_1_283' title='bbox 1074 4284 1158 4349; x_wconf 79' lang='lat' dir='ltr'><strong>ialal·</strong></span> 
     </span>
    </p>
   </div>
   <div class='ocr_carea' id='block_1_18' title="bbox 893 4385 936 4455">
    <p class='ocr_par' dir='ltr' id='par_1_23' title="bbox 893 4385 936 4455">
     <span class='ocr_line' id='line_1_39' title="bbox 893 4385 936 4455; baseline 0 0"><span class='ocrx_word' id='word_1_284' title='bbox 893 4385 936 4455; x_wconf 75' lang='grc'><strong>45</strong></span> 
     </span>
    </p>
   </div>
   <div class='ocr_carea' id='block_1_19' title="bbox 0 0 1328 4928">
    <p class='ocr_par' dir='ltr' id='par_1_24' title="bbox 0 0 1328 4928">
     <span class='ocr_line' id='line_1_40' title="bbox 0 0 1328 4928; baseline 0 1"><span class='ocrx_word' id='word_1_285' title='bbox 0 0 1328 4928; x_wconf 95' lang='lat' dir='ltr'><strong> </strong></span> 
     </span>
    </p>
   </div>
  </div>
 </body>
</html>
