2648 4928
155 350 162 375 ›.
175 294 234 367 lie
254 291 487 366 infimus
510 298 547 364 et
566 293 645 364 fide.
852 245 933 381 ’7ἱῖ

77 455 153 535 arnis
181 480 212 534 et
231 472 378 552 sauguinis
398 491 470 553 opus
495 489 561 533 esse
583 480 742 553 nequent,·
757 483 798 540 utu
817 477 931 541 nnana

93 559 208 635 integro
225 567 366 635 oporteat,
388 575 443 616 nec
459 558 599 635 possimus
617 555 653 616 ad
674 557 778 630 tilium,
796 560 853 620 nisi
873 572 932 623 trs·
1006 636 1007 639 Ἴ

77 661 91 701 e
110 641 274 720 pervenire,
298 658 352 700 uec
368 650 477 718 patrem
498 641 554 698 uisi
574 640 719 701 revelante
733 641 792 702 filio
804 640 931 719 discors,

77 735 141 785 erte
162 722 271 783 Penius
288 724 449 803 scripserit,
472 743 527 782 uon
550 740 587 782 ex
607 724 701 796 nobis,
730 744 786 785 non
806 745 844 786 ex
864 747 948 808 oper

77 827 89 868 s
112 807 213 887 liquet,
236 816 334 866 nostro
355 825 443 886 opera
464 803 501 865 ati
523 803 591 879 hoc,
613 816 645 868 ut
663 808 730 866 iusti
750 826 789 869 ex
804 809 930 883 iniustis,
1051 815 1055 834 '

77 891 178 960 cimus,
202 887 365 961 evadamus,
388 889 457 950 nittt
478 907 564 969 posse
584 889 737 964 conferre,
761 893 864 972 quippe
880 894 932 974 qni

93 973 143 1052 tiiij
172 974 253 1045 irae,
281 991 373 1053 eoque
398 974 498 1032 iniusti
520 992 638 1045 sumus,
659 975 705 1033 its
720 975 798 1034 nihii*
811 977 929 1050 iustum,

77 1068 169 1118 renum
195 1055 350 1134 designare
364 1057 518 1127 velemur,
550 1055 604 1117 sed
628 1057 738 1118 initium
759 1061 852 1119 sunnis
880 1080 932 1122 uo-
1017 1070 1024 1080 ’

77 1142 178 1203 istitiac
198 1149 230 1200 et
250 1141 347 1199 salutis
358 1181 369 1212 ,
400 1159 417 1200 a
438 1140 594 1211 misepent'e
615 1137 680 1242 Deq
701 1141 764 1202 fieri
784 1153 931 1222 oportere,

77 1225 106 1285 ia
134 1244 187 1283 sna
214 1223 398 1301 dignatione,
426 1235 457 1282 et
479 1225 577 1282 mortis
607 1223 657 1302 titij
687 1225 731 1284 sui
758 1227 934 1307 contempte·

77 1327 134 1368 rum
156 1305 314 1367 doctrinam
336 1308 478 1379 veritatis,
497 1306 725 1385 etEvnngeiium
748 1328 842 1383 snum,
863 1312 933 1372 mis·

77 1391 102 1453 ud
121 1391 313 1462 annuncient,
341 1391 441 1450 offert:
469 1388 573 1450 deinde
597 1410 660 1451 cum
682 1389 766 1451 hemo
787 1394 942 1468 animulis,

77 1476 115 1548 it,
153 1487 185 1535 ut
208 1473 316 1533 Paulus
344 1475 450 1552 inquit,
485 1474 635 1554 percipere
662 1493 735 1554 qnae
764 1473 822 1537 Dei
852 1488 930 1551 suut,

77 1604 79 1615 .
102 1569 136 1621 2.
158 1560 225 1618 facit
243 1557 324 1616 simui
344 1556 414 1617 oriri
427 1558 455 1616 iu
476 1557 605 1616 tenebris
618 1556 723 1618 cordis.
734 1561 836 1634 nostri,
861 1579 931 1622 sure
1056 1558 1058 1562 ’

77 1662 128 1713 tm,
164 1654 195 1702 ut
221 1642 276 1701 iam
306 1640 413 1700 habere
443 1643 614 1701 annunciuto
639 1639 799 1720 Evangelio
830 1641 928 1718 fidem,
1032 1677 1033 1681 =

77 1727 168 1786 cilicet
196 1725 296 1803 spiritu
327 1722 363 1782 de
394 1725 456 1783 eius
482 1726 604 1784 veritato
630 1726 778 1801 persuasi,
809 1744 931 1808 moxque

77 1810 117 1869 ins
139 1809 254 1888 spiritus
276 1808 439 1866 testimonio
460 1807 540 1878 freti,
564 1805 642 1872 filiali
663 1804 766 1868 fidncia
782 1807 930 1884 iuvocare,

77 1892 156 1953 atta
181 1903 279 1970 pater,
301 1891 469 1966 valeamus,
494 1890 612 1950 salutem
635 1886 702 1951 inde
725 1889 841 1953 solidam
862 1912 932 1954 eou-
1000 1926 1004 1933 ·

77 1977 155 2036 iuxta
183 1974 271 2036 iilud:
298 1973 436 2055 Quisquis
465 1972 640 2036 invocaverit
670 1993 774 2036 nomeu
799 1973 929 2052 Domini,

77 2258 104 2320 ts
124 2233 338 2331 oeumnos',
360 2255 419 2318 nx
438 2255 535 2318 mun
552 2256 634 2320 nun
646 2252 932 2324 numentum
1055 2272 1058 2278 ·

127 2341 492 2405 enoveuunumsus.
538 2341 629 2408 cue.
648 2339 702 2408 tv.
718 2429 735 2438 ⁴.

77 2497 125 2541 tos
146 2489 240 2541 sutem
262 2479 334 2538 haec
355 2479 398 2537 sic
420 2478 560 2558 intelligi,
583 2479 664 2559 qnasi
684 2479 803 2541 sulutem
832 2499 868 2541 sc
887 2479 931 2542 iu·

77 2565 175 2643 gnavis
186 2564 273 2623 animi
284 2560 513 2640 cogitationibus,
525 2560 616 2622 fideve
630 2562 768 2623 charitate
780 2563 929 2637 destituta,

77 2666 159 2708 rmore
180 2657 293 2716 vocant,
316 2664 467 2724 ponamus:
491 2643 714 2725 quandoquidem
729 2649 803 2707 certi
820 2665 929 2721 sunus,
1000 2690 1025 2700 ,-

76 2731 180 2791 iustum
204 2742 253 2789 sut
280 2730 384 2788 salvum
416 2729 479 2787 fieri
507 2748 610 2806 posse,
639 2729 693 2788 nisi
719 2741 795 2790 amet
821 2733 929 2790 summe

79 2815 193 2875 mitetur
202 2812 418 2872 studiosissime.
464 2811 539 2870 Nam
551 2832 621 2891 quos
635 2813 799 2890 praescivit,
812 2813 930 2875 eosdem

77 2898 127 2969 vit,
150 2899 312 2957 conformes
332 2897 396 2955 fieri
424 2896 539 2973 imagini
561 2896 611 2973 fiiij
635 2896 691 2967 sui,
715 2914 785 2956 sone
806 2897 880 2957 sicut
899 2899 931 2959 in

76 2980 227 3053 eiectae,
249 2982 289 3040 ita
311 2990 341 3039 et
364 2981 392 3038 in
413 2979 488 3038 cultu
508 2979 687 3038 innocentiae
706 2985 931 3041 consummatae·

77 3083 118 3136 tc,
140 3065 302 3142 figmentum
331 3064 404 3122 enim
427 3063 515 3141 ipsius
539 3081 653 3133 sumus,
675 3061 780 3121 conditi
801 3062 838 3121 sd
857 3064 933 3125 bont

76 3149 134 3227 tqoi
155 3147 249 3208 Deum
271 3157 336 3208 ante
358 3148 452 3204 omnia
474 3164 581 3216 amare,
604 3143 745 3225 dignoque
768 3144 861 3205 studio
881 3165 932 3207 ee·
1016 3195 1021 3207 .

77 3233 108 3291 isi
134 3233 263 3311 quicum
284 3233 365 3311 piane
390 3229 516 3298 noverit,
547 3238 577 3286 et
598 3226 633 3287 do
655 3248 711 3308 qno
732 3228 787 3288 sibi
805 3248 945 3310 quaeque¹

77 3316 205 3387 iicectur,
221 3326 315 3393 potest
328 3333 422 3372 nemo.
466 3311 618 3371 lustificari
639 3331 722 3390 ergo,
746 3312 800 3371 hoc
822 3324 878 3386 est,
899 3323 932 3374 ut

77 3400 137 3459 talvi
160 3397 301 3472 evadere,
324 3397 430 3457 iustitia
451 3396 544 3465 enim,
571 3395 632 3474 ipsa
653 3405 750 3455 nostre
771 3395 849 3455 salus
871 3407 929 3471 est,

77 3502 121 3542 tus
144 3484 310 3561 nequimus,
332 3500 412 3560 quam
439 3480 465 3537 si
491 3477 546 3538 fide
574 3499 637 3538 cum
655 3479 755 3558 primis
779 3475 929 3554 donemur,
974 3496 978 3505 ’

77 3566 138 3627 'elio
159 3564 322 3639 credentes,
344 3582 435 3644 eoque
456 3563 596 3641 persuasi,
620 3560 713 3623 Deum
735 3581 788 3621 nos
806 3563 835 3622 in
857 3564 931 3624 filios

92 3660 291 3731 paternamque
314 3647 538 3709 benevolentiam
566 3648 596 3705 in
625 3647 826 3724 sempiternum
848 3647 930 3707 nobis

77 3755 91 3793 u
126 3751 209 3806 esse,
243 3736 294 3793 toti
319 3734 354 3793 ab
385 3732 474 3812 ipsius
510 3740 577 3788 nutu
611 3727 794 3807 pendeamus.
844 3729 930 3791 Hanc

78 3828 91 3876 t
112 3813 153 3876 Ι).
177 3815 352 3897 Augustinus
374 3817 447 3877 libro
474 3813 510 3873 de
541 3810 596 3870 fide
623 3823 653 3870 ct
673 3812 826 3892 operibus,
845 3831 932 3874 evau-
1011 3843 1015 3855 ³

77 3901 214 3962 efficacem
241 3900 374 3960 videlicet
402 3919 454 3979 per
485 3896 677 3956 dilectionem.
728 3895 797 3955 Hac
819 3894 932 3956 demum

77 4004 126 4056 nr,
158 3993 188 4042 et
208 3984 367 4043 restituitur
395 3985 423 4043 in
447 3983 528 4041 nobis
550 3981 645 4058 imago
666 3977 736 4040 Dei.
778 3978 844 4039 Huc
867 3996 931 4038 cum

77 4068 113 4127 uti
134 4085 243 4139 sumus,
264 4068 369 4126 nostris
386 4064 603 4145 cogitationibus
625 4082 641 4120 a
662 4082 751 4143 puero
771 4058 808 4122 ad
830 4063 930 4121 malum

77 4151 142 4228 vnis,
164 4148 308 4210 evadimus
330 4150 410 4223 honi,
430 4150 567 4227 rectique.
611 4144 686 4206 Nam
709 4147 774 4206 hinc
787 4164 843 4205 uno
864 4143 931 4205 Deo

77 4254 143 4297 uum
162 4233 293 4312 perean
316 4236 487 4315 copioseque
500 4233 597 4303 effluo,
618 4230 680 4309 ipsi,
693 4224 806 4290 abnuis
826 4228 929 4301 saturi,
991 4251 996 4267 =

77 4337 126 4382 uos
148 4316 227 4383 usn?
239 4314 386 4401 quostiam,
405 4316 508 4392 idest,
531 4331 685 4398 germanos
698 4308 862 4394 stiffi*
876 4328 932 4394 μ’
