2648 4928
111 270 190 355 231
446 272 643 351 concensus
666 271 894 347 Geueveosis.

111 456 167 523 sad
186 474 306 530 ouum,
327 456 377 538 qni
398 454 455 516 sibi
477 451 573 517 donati
595 466 680 528 suot,
713 456 777 517 sius
798 456 988 537 exceptione,
1009 452 1134 519 credero
1154 472 1176 519 nt

111 552 180 605 urst.
223 539 308 617 Quod
337 542 367 601 in
388 538 589 621 disputationis
611 549 746 601 contextu
771 538 889 602 uberius
914 542 1078 603 coufirmat.
1120 540 1176 607 Not

110 627 226 707 iuquit,
248 621 283 684 nd
303 643 349 702 uro
371 633 467 705 potest
486 623 605 696 venire,
628 623 684 683 uisi
707 622 797 685 Pater
817 642 897 685 meur
918 625 1041 687 traxerit
1049 644 1127 686 euru.
1169 624 1176 685 l

110 711 219 771 toltitur
232 707 354 787 Pighius
369 707 572 769 illuminatione
589 726 661 786 opus
672 726 758 780 esua,
782 717 814 768 ut
833 706 869 769 ud
883 706 1028 770 Clrristnou
1043 707 1164 770 redeunt

110 794 220 864 niues,
243 792 291 872 qui
305 811 323 851 a
337 790 401 851 Deo
415 802 499 855 eraut
517 791 630 863 auersi,
653 791 706 852 sed
723 792 945 872 iutereudngit,
966 793 1065 853 ollcrri
1085 812 1176 873 perne

110 876 243 939 omnibus
262 876 405 956 gatiano,
425 874 568 935 lominum
590 884 684 935 nutem
704 875 838 947 arbitrio,
860 887 1002 957 utcunque
1018 895 1083 937 enno
1097 879 1176 957 recip

109 960 246 1047 libuerit,
273 958 418 1021 efficacem
444 957 555 1019 doruuon
587 976 665 1019 csse.
710 957 753 1019 At
775 978 843 1021 vero
864 959 997 1021 Christus
1019 962 1105 1021 cliuus
1126 980 1175 1021 var

109 1062 172 1107 runt
195 1062 310 1105 suerunt
330 1061 446 1104 sonsum
467 1060 534 1102 esse
551 1051 686 1115 testatur,
709 1041 784 1103 Sunt
805 1042 917 1124 quidam
938 1064 977 1105 cx
996 1043 1081 1103 uoltis
1102 1045 1150 1124 qui
1167 1064 1176 1105 ι

111 1126 254 1201 credunt,
280 1126 439 1206 Propterea
467 1123 528 1185 dini
559 1124 653 1198 volis,
683 1145 769 1189 nemo.
789 1137 885 1206 potest
903 1127 939 1188 ad
961 1147 1007 1187 ure
1027 1129 1128 1189 renire
1135 1172 1148 1201 ,
1168 1148 1175 1188 ι

109 1212 153 1273 illi
174 1208 270 1271 daturo
286 1210 375 1272 luerit
397 1208 518 1271 uPntre
535 1227 610 1268 tneo.
655 1207 749 1271 Vides
767 1220 798 1269 ut
811 1210 974 1272 incredulos
991 1231 1092 1273 eorusn
1108 1232 1175 1272 nunt

110 1291 246 1357 actitat
266 1292 316 1374 qui
334 1294 495 1355 trahuntur.
545 1291 620 1352 Nan
644 1291 699 1354 ltoc
723 1313 839 1373 prorsus
864 1296 1065 1375 intempestivo
1088 1296 1175 1356 edutir

110 1378 168 1443 nist
179 1375 305 1459 speciale
321 1375 425 1438 donum
436 1386 514 1439 ossot
528 1374 611 1437 fides.
649 1374 710 1438 Sed
722 1376 777 1438 lnoc
792 1379 915 1440 omniun
929 1381 1137 1442 clarissimum

111 1472 260 1561 pstqunu
283 1458 398 1561 lanuino
418 1460 582 1560 paticininur
601 1456 738 1558 udduxit,
752 1544 758 1559 Ι
770 1458 866 1521 Erunt
887 1482 987 1524 omncs
1010 1462 1086 1524 docti
1107 1483 1124 1523 n
1145 1398 1175 1523 d

192 1534 1175 1709 :eluctetur:miltitesconsisterent:

110 1710 186 1794 qnod
200 1710 284 1773 usn·
304 1711 327 1773 S
347 1712 414 1773 iritu
428 1731 481 1771 suo
494 1710 571 1771 intus
587 1708 740 1789 ttscipntoa
756 1712 918 1791 alloquitur,
938 1726 968 1773 ut
981 1713 1101 1775 Clnristo
1118 1715 1175 1795 iup

109 1796 268 1861 reulum
279 1804 324 1858 tra
343 1805 382 1855 at.
402 1795 489 1856 lluuc
497 1792 698 1855 instaurandae
708 1793 861 1858 Ecclesiae
870 1796 981 1858 moduni
993 1796 1094 1858 defluit
1106 1798 1175 1859 lesui

24 1922 27 1927 -
109 1891 142 1941 ut
154 1897 253 1942 cuca
267 1881 329 1942 eiua
341 1878 412 1940 Filii
428 1877 564 1938 diuinitus
578 1876 670 1938 edocti
684 1879 752 1937 siut.
796 1879 949 1943 Peculinrc
968 1901 1038 1961 orgo
1059 1880 1174 1943 benefici

109 1974 331 2037 mononont,
353 1981 409 2044 quo
422 1960 505 2023 licus
520 1981 577 2022 nou
588 1962 643 2021 nisi
657 1959 812 2023 Ecclesiae
823 1964 894 2024 filios
909 1962 1057 2043 dignatur.
1093 1964 1175 2027 Chris

109 2047 267 2109 adicncitcr
289 2047 345 2108 hoc
365 2044 515 2107 doctrinae
538 2064 648 2123 genere
672 2044 709 2104 ad
734 2065 767 2106 sa
792 2047 867 2107 trahi
885 2051 1078 2128 pronunciat,
1105 2068 1174 2130 quor

110 2138 265 2193 incuteret
279 2129 367 2192 corde
380 2128 462 2190 Dans
473 2128 635 2208 compellat.
672 2129 724 2189 Sic
737 2130 811 2189 enirn
825 2132 945 2192 interius
956 2130 1041 2194 docct
1055 2152 1118 2206 cos,
1135 2134 1174 2213 inq

109 2215 307 2295 Augustinus,
328 2212 410 2295 (tit.
433 2210 577 2291 depretia
593 2210 703 2272 Christi
722 2224 822 2273 contra
831 2214 933 2294 Pelug.
953 2227 985 2275 ct
998 2215 1109 2277 Celest.
1128 2224 1174 2279 ed

110 2317 175 2378 erp·
199 2300 270 2372 tt.)
297 2298 346 2380 qui
374 2294 528 2356 secuudum
556 2296 730 2375 propositum
759 2300 850 2358 vocnti
874 2310 941 2359 anot
961 2301 1045 2360 simul
1067 2299 1172 2361 donant

108 2380 175 2463 quid
204 2392 312 2461 egunt,
345 2381 441 2442 scires
475 2388 506 2439 et
536 2378 611 2459 quod
642 2380 755 2452 sciunt,
793 2401 893 2461 egere.
938 2382 996 2457 Qut
1018 2395 1115 2444 autent
1135 2402 1174 2445 no

110 2461 175 2546 quid
198 2463 402 2535 deridebat,
430 2473 461 2525 et
481 2481 538 2522 uon
560 2463 646 2535 lacit,
677 2462 798 2523 nondum
825 2464 930 2526 alico
953 2466 1052 2527 didicit
1072 2466 1174 2528 secund

109 2549 252 2629 putiau,
286 2547 336 2608 scd
364 2545 520 2608 secuudum
547 2544 675 2625 Legcm3
711 2569 766 2606 non
797 2549 950 2609 secundum
980 2551 1138 2630 Spiritum,
1172 2596 1174 2607 .

109 2634 233 2693 literam.
276 2631 369 2692 Paulo
397 2642 478 2709 post:
517 2630 562 2702 Si,
586 2642 617 2689 ut
641 2629 710 2689 dicit
733 2634 858 2705 veritus,
890 2635 1002 2705 omnis,
1037 2637 1085 2714 qui
1115 2633 1171 2695 didi

108 2717 203 2790 veuit,
227 2717 353 2796 quisquis
374 2736 430 2775 nou
446 2717 542 2790 veuit,
564 2716 694 2792 prolecto
712 2735 765 2774 occ
783 2714 892 2777 didicit.
928 2717 1083 2777 Concludit
1101 2716 1174 2778 tanda

109 2801 178 2863 Non
198 2811 242 2862 cst
265 2819 456 2880 consequeus,
481 2810 528 2870 ut,
551 2800 598 2876 qui
619 2808 713 2877 potest
734 2801 851 2871 uenire,
874 2802 958 2859 ctiam
983 2804 1096 2874 scoiat,
1122 2803 1173 2863 nisi

109 2885 234 2946 uoluerit
254 2896 338 2964 utque
359 2885 474 2945 lecerit.
518 2881 578 2943 Sed
603 2882 707 2953 omnis,
729 2884 776 2958 qui
796 2882 922 2943 didicitn
938 2885 1038 2955 Putre,
1058 2907 1114 2945 non
1137 2886 1174 2945 sol

110 2978 206 3049 potest
226 2970 344 3040 venire,
363 2966 414 3027 sed
436 2969 519 3027 etiam
543 2967 640 3037 veuit,
664 2966 711 3025 ubi
736 2967 791 3025 iam
813 2980 843 3027 ct
865 2969 1061 3048 possibilitatis
1082 2972 1173 3049 proice

10 3056 13 3061 ’
110 3061 141 3111 ct
165 3053 316 3111 uoluntatis
336 3051 454 3109 tilectus
477 3061 507 3109 ct
525 3050 646 3107 actionis
670 3050 788 3109 cllcctus
813 3062 869 3114 est.
912 3053 1014 3130 Neque
1035 3055 1173 3131 Augustis

110 3132 177 3194 idco
197 3136 226 3194 iu
251 3134 414 3213 praeseutia
438 3130 546 3191 adduco
570 3142 691 3204 testem,
723 3132 796 3210 quod
819 3137 881 3195 eius
903 3137 1071 3211 auctoritate
1094 3158 1173 3215 pugna

110 3215 169 3279 Sed
195 3218 261 3298 quia
287 3217 348 3276 cius
377 3215 476 3275 verbis
494 3216 605 3292 optiora
625 3235 679 3275 nou
702 3229 870 3295 suppetunt,
904 3220 1004 3299 quibos
1024 3220 1173 3299 Evangelia

111 3312 234 3361 mentem
257 3301 423 3378 exprimam.
468 3296 552 3371 Quod
581 3300 604 3358 si
631 3297 753 3358 noudum
781 3302 893 3379 quidam
920 3305 1127 3383 acquiescant,
1158 3324 1173 3364 a

110 3384 193 3455 (tit.
215 3382 251 3446 de
272 3381 446 3462 praedestin.
465 3383 598 3447 Sanctor.
619 3403 683 3461 cop.
697 3387 747 3456 8.)
767 3386 878 3463 plonius
899 3386 1051 3447 edisserit:
1074 3388 1173 3463 Quid«

110 3468 225 3539 Otuois,
246 3468 294 3547 spui
314 3464 421 3525 audivit
441 3486 458 3525 a
477 3465 566 3525 Putre
590 3476 619 3525 ct
635 3464 753 3538 didicit,
775 3471 853 3528 veuit
873 3469 909 3530 ad
931 3491 995 3530 roc:
1025 3474 1103 3543 nisi,
1125 3472 1173 3533 Nu'

110 3553 220 3631 estqui
241 3549 337 3610 audiat
358 3560 389 3609 ct
411 3548 502 3608 discut
525 3568 542 3608 u
563 3550 670 3621 Patre,
695 3563 724 3609 ct
746 3573 801 3611 nou
825 3558 920 3615 veniat
940 3554 975 3613 ud
1000 3558 1069 3614 nuc‘?
1097 3556 1130 3615 Si
1151 3574 1173 3615 ct

110 3637 220 3703 onnia,
244 3635 291 3713 qui
313 3632 420 3693 audivit
438 3632 566 3695 n.Patre
586 3644 617 3692 ct
634 3633 751 3705 didicit,
775 3639 869 3698 venit:
893 3640 1023 3717 prolecto
1044 3642 1156 3711 omnis,

110 3740 167 3779 nou
190 3720 286 3790 scuit,
309 3737 365 3776 oon
388 3716 527 3777 rudivita
549 3716 637 3778 Putre
655 3738 709 3778 nec
727 3719 837 3781 didicit.
881 3723 953 3782 tiam
987 3726 1011 3782 si
1039 3723 1167 3783 audisset

83 3800 275 3873 ¹didicisset,
308 3802 429 3861 reniret.
480 3800 576 3863 Valde
610 3815 717 3862 rcrnotu
743 3815 787 3863 cst
815 3826 832 3864 a
865 3807 997 3866 sensibus
1028 3809 1125 3869 cornis
1157 3807 1173 3866 Ιι

109 3886 228 3958 schola,
261 3886 291 3945 iu
322 3904 378 3963 qua
403 3885 493 3945 Putcr
519 3883 633 3945 auditur
658 3898 688 3945 et
718 3886 818 3959 docet,
850 3900 880 3947 ut
901 3892 1031 3949 veniatur
1057 3892 1091 3949 od
1115 3892 1172 3951 Fili

107 3968 198 4031 Paulo
221 3980 301 4050 post:
326 3968 408 4030 llaec
432 3971 525 4047 gratia
545 3990 618 4050 quaa
651 3973 762 4031 occulte
783 3973 912 4032 humanis
930 3974 1063 4032 cordibus
1083 3977 1169 4035 tribui

110 4053 225 4114 anullo
246 4050 318 4113 duro
340 4052 428 4113 cordo
449 4054 597 4132 recipitur.
651 4054 720 4113 ldco
750 4057 852 4135 quippo
884 4058 1037 4131 tribuitur,
1071 4068 1102 4116 ut
1134 4080 1172 4119 co:

110 4135 215 4198 duritia
247 4137 366 4217 primurn
397 4138 553 4199 uulerutur.
598 4137 720 4212 Quando
751 4141 846 4219 itaquo
874 4141 964 4200 l’ntcr
994 4143 1069 4201 intus
1102 4142 1170 4202 nudi

110 4221 206 4282 uulcrt
227 4238 280 4282 coc
300 4220 461 4301 lapideum,
485 4231 515 4281 et
536 4219 584 4281 dat
606 4242 657 4282 cor
678 4241 824 4282 carneum.
869 4226 919 4285 Sic
940 4226 1042 4307 quippe
1066 4227 1172 4287 inciti

110 4303 308 4387 promissionis
335 4317 367 4368 et
390 4324 460 4367 unsa
487 4304 702 4367 misericordiae
723 4326 797 4387 quae
824 4311 1004 4390 prncpnrusit
1032 4313 1061 4370 iu
1093 4312 1170 4391 glori
