2648 4928
176 316 228 387 70
442 316 607 411 Zwiugiii
631 314 798 407 expositio
824 308 905 387 Citr-
930 313 1021 386 ddci.

176 495 339 557 moditatem
363 494 587 576 Metooymiam,
615 493 670 554 hoc
699 505 744 555 cst
763 491 1039 568 denominationem,
1067 492 1145 554 docti
1175 514 1256 555 vocar

176 581 216 641 Ut
237 592 300 640 cum
320 577 427 639 Paulus
452 579 539 651 dicit,
562 578 702 642 Velamen
724 589 874 658 estsuper
898 580 997 638 oculos
1018 597 1116 639 eorum
1139 597 1204 637 cum
1226 578 1256 639 hi

175 683 222 725 ses
243 663 359 743 legitur.
403 662 462 722 liic
489 662 588 723 Moses
617 664 708 743 legem
728 661 862 735 Thorah,
895 663 950 723 hoc
971 673 1015 722 est
1034 672 1123 722 totum
1146 672 1256 723 retest

178 757 346 807 stamentum
367 746 526 825 significat,
551 744 601 806 scd
623 767 679 805 non
701 745 758 805 alia
778 746 888 805 ratione
909 762 992 826 quam
1017 747 1085 827 quia
1104 744 1206 806 Moses
1229 744 1256 807 t]

178 831 291 890 volente
309 830 479 910 iubentequc
497 830 589 908 legent
609 830 684 889 tulit.
728 828 768 888 Et
790 848 853 888 cum
867 827 969 909 Agnus
990 831 1038 910 qui
1060 830 1089 888 in
1111 848 1203 888 coena
1227 827 1256 891 α’

180 914 264 973 hatur
284 911 443 995 adpellatur
462 912 623 985 Transitus,
647 915 695 993 qui
716 913 864 972 transitum
885 911 1077 973 tantummodo
1099 912 1256 992 significato

110 994 172 1058 157
180 996 231 1057 Sic
245 1008 275 1057 ct
284 996 466 1056 Eucharistia
474 996 616 1057 veteribus
625 996 735 1057 erudite
750 1002 815 1070 aer)
832 1007 929 1056 sancte
945 999 1088 1056 nominata
1103 996 1158 1055 init
1172 997 1256 1058 ohla't‘

180 1100 235 1140 non
258 1077 333 1161 quod
353 1090 445 1153 esset,
469 1078 519 1140 scd
540 1079 616 1162 quod
637 1081 812 1160 signiticaret
832 1078 1004 1140 oblationem
1025 1082 1108 1140 istam
1130 1099 1187 1160 qua
1209 1078 1256 1143 Cit'

179 1175 239 1223 stus
268 1182 332 1223 sese
358 1162 519 1237 olierendo,
550 1184 607 1223 una
640 1165 693 1223 ista
714 1163 857 1223 oblatione
885 1165 1027 1245 periectos
1055 1161 1180 1225 reddidit
1210 1175 1256 1247 atq

178 1247 307 1327 expiatos
328 1245 357 1305 in
381 1260 545 1327 perpetuum
568 1267 617 1307 eos
639 1249 687 1328 qui
708 1247 895 1320 sanctificati,
926 1248 981 1308 hoc
1008 1259 1068 1320 est,
1092 1268 1110 1306 a
1133 1246 1189 1306 deo
1210 1248 1256 1311 eia?

179 1336 295 1404 suntt‘).
338 1327 398 1389 Sed
428 1342 615 1391 commentum
643 1332 681 1390 sit
707 1328 783 1411 qnod
809 1328 928 1391 dicimus
957 1333 1011 1391 nisi
1036 1330 1218 1410 Augustinus
1248 1348 1256 1389 t

179 1412 243 1473 dem
271 1409 355 1472 modo
381 1415 485 1475 sentiat
517 1416 546 1477 iu
571 1412 703 1497 Epistola
728 1412 765 1474 ad
792 1413 973 1476 Bonifatium
1003 1434 1076 1497 quae
1102 1425 1148 1476 est
1177 1434 1256 1479 um

178 1496 408 1559 vicesimatmtia.

597 1609 868 1676 AUGUSTINUS.

68 1808 71 1813 .
110 1744 173 1810 158
264 1743 357 1826 Saepe
384 1748 424 1806 ita
453 1745 612 1826 loquimur,
642 1759 674 1807 ut
702 1748 808 1828 pascha
836 1745 1042 1827 propinquante
1063 1742 1212 1821 dicamus,
1233 1762 1256 1807 e

180 1828 281 1888 stiuam
303 1830 348 1888 vel
370 1828 550 1910 perendinam
573 1829 678 1890 domini
699 1832 878 1911 passionem,
902 1847 966 1888 cum
988 1829 1036 1888 iile
1057 1838 1123 1887 ante
1143 1840 1204 1889 tam
1225 1844 1256 1889 ι

160 1922 225 1970 ‘tos
243 1931 332 1973 annos
372 1932 452 1974 assus
473 1914 527 1986 sit,
559 1934 611 1974 uec
633 1917 746 1974 omnino
768 1916 822 1973 nisi
845 1913 933 1972 semei
954 1912 1004 1971 iiia
1025 1913 1119 1992 passio
1141 1913 1220 1972 iacta
1243 1930 1256 1973 t

179 1995 246 2075 ipso
273 1993 319 2056 die
345 1934 487 2059 iominico
515 1995 652 2071 dicimus,
683 1997 779 2058 Hodie
807 1997 938 2057 dominus
966 1996 1142 2068 resurrexit,
1172 2015 1242 2057 cum

121 2132 130 2143 .
180 2098 237 2157 quo
263 2082 421 2141 resurrexit
447 2091 490 2140 tot
516 2082 584 2140 anni
610 2083 794 2141 transierunt.
838 2078 899 2140 Cur
919 2098 1002 2139 nemo
1024 2089 1081 2137 tam
1103 2080 1220 2159 ineptus
1240 2094 1256 2139 ι

180 2173 212 2220 ut
239 2182 291 2221 nos
320 2165 360 2222 ita
387 2164 534 2244 loquentes
559 2176 661 2245 arguat
688 2183 752 2225 esse
779 2165 930 2225 mentitos?
958 2162 1013 2221 nisi
1041 2163 1108 2242 qnia
1136 2162 1209 2224 istos'
1237 2158 1256 2223 d

179 2244 333 2306 secundum
355 2267 483 2321 morum,
514 2248 615 2329 quihus
637 2250 708 2308 haec
729 2259 810 2328 gesta
831 2257 914 2320 sunt,
946 2243 1157 2305 similitudinem
1188 2260 1256 2307 nunt

180 2347 296 2406 pamus,
326 2341 359 2389 ut
384 2329 514 2405 dicatur,
546 2332 606 2411 ipse
627 2330 706 2404 dics,
730 2332 778 2412 qui
799 2352 856 2390 non
877 2341 921 2390 est
942 2330 1021 2410 ipse,
1045 2320 1256 2391 sed'rerolutii

180 2413 315 2490 temporis
336 2415 436 2474 similis
457 2416 538 2485 eius,
568 2425 598 2474 et
628 2413 740 2474 dicatur
762 2416 812 2474 ilio
833 2412 880 2474 die
902 2414 964 2473 lieri
987 2423 1104 2492 proptor
1124 2424 1256 2475 sacmntt

179 2494 418 2569 celebrationem,
453 2497 528 2578 quod
550 2519 605 2558 non
627 2499 677 2559 iilo
699 2497 745 2558 die
760 2497 809 2558 sed
824 2499 880 2557 iam
895 2496 963 2555 olim
983 2497 1169 2556 factumest?
1190 2493 1256 2557 Neu

179 2579 267 2642 semel
290 2580 449 2641 immolatus
470 2593 514 2641 est
534 2580 665 2642 Christus
686 2585 715 2641 in
738 2583 853 2662 seipso,
884 2591 1028 2640 ettamen
1051 2580 1080 2638 in
1102 2588 1256 2641 sacrament

180 2682 235 2720 uon
265 2663 354 2722 solum
383 2683 436 2744 per
464 2685 561 2725 omnes
582 2668 703 2746 paschae
725 2667 927 2736 solennitates,
961 2662 1011 2721 sed
1037 2665 1113 2722 omni
1136 2662 1184 2724 die
1205 2682 1256 2745 pop

179 2745 213 2803 lis
235 2746 414 2820 immolatur,
442 2769 495 2809 nec
521 2751 618 2829 utique
644 2751 779 2809 mentitur
807 2751 856 2828 qui
877 2750 1068 2825 interrogatus
1089 2765 1154 2805 eum
1177 2742 1256 2828 respe'

178 2826 253 2887 dcrit
274 2830 432 2891 immolarit
453 2833 486 2892 Si
507 2835 581 2893 enim
604 2844 781 2893 sacramenta
802 2829 941 2912 quandam
963 2828 1175 2890 similitudinem
1196 2850 1256 2891 cera

178 2930 272 2970 rerum
295 2933 412 2993 quarum
436 2928 612 2977 sacramenta
634 2928 699 2977 sunt
720 2938 776 2976 non
798 2916 954 2986 haherent,
978 2915 1092 2972 omniuo
1115 2933 1256 2975 sacramen

178 3014 235 3053 non
255 3008 360 3056 esseut.
404 2997 451 3058 Ex
480 3002 533 3059 hac
555 3011 648 3060 autem
669 3002 853 3059 similitudine
874 2999 1039 3079 plerumque
1060 2998 1145 3056 ctiam
1169 3000 1256 3078 ipsart

179 3095 272 3135 rerum
299 3080 412 3138 nomina
439 3085 598 3162 accipiunt:
629 3085 703 3141 sicut
731 3102 800 3160 ergo
827 3080 980 3141 secundum
1011 3079 1150 3159 quendam
1180 3080 1256 3143 uiedt

178 3173 384 3220 sacramentum
398 3167 525 3243 corporis
533 3163 640 3224 Christi
655 3186 756 3245 corpus
764 3164 871 3225 Christi
886 3176 941 3236 est,
955 3175 1162 3224 sacramentum
1178 3182 1256 3247 sangi

180 3244 224 3302 uis
247 3240 353 3303 Christi
373 3249 488 3326 sanguis
513 3246 621 3308 Christi
642 3260 697 3321 est,
720 3251 759 3309 ita
779 3259 985 3309 sacramentum
1001 3247 1067 3307 fidet
1081 3247 1152 3308 iides
1167 3259 1256 3311 estet

108 3346 171 3412 159
260 3341 308 3403 Ex
339 3344 385 3404 itis
416 3344 570 3425 Augustini
598 3349 692 3409 verbis
724 3348 800 3409 nulio
836 3349 951 3428 negotio
989 3345 1180 3426 deprehendit
1207 3348 1256 3409 cei

179 3422 245 3484 tudo
263 3437 329 3500 toa,
359 3429 580 3490 immolationem
610 3434 669 3492 sive
695 3433 865 3492 oblationem
894 3429 1011 3510 perinde
1032 3432 1127 3490 vocari
1149 3430 1256 3493 Euche

178 3510 282 3582 stiam,
319 3522 404 3591 atque
438 3515 678 3575 resurrectionem
712 3527 760 3576 aut
793 3516 953 3596 passionem
985 3513 1108 3587 domini,
1146 3517 1195 3595 qui
1229 3512 1256 3577 di

176 3611 239 3652 cum
269 3613 330 3654 rem
357 3615 453 3657 veram
484 3617 556 3676 quae
591 3602 678 3660 semel
707 3611 789 3679 gesta
816 3609 860 3658 est
889 3598 1050 3676 significent
1079 3617 1113 3658 ac
1146 3607 1256 3678 repetat

175 3694 273 3736 earum
293 3698 387 3738 rerum
417 3682 531 3741 nomina
559 3681 811 3762 tntiptsmnmm).
858 3680 979 3740 Constat
1006 3683 1094 3757 igitur
1113 3690 1174 3740 toto
1192 3701 1256 3743 erra

174 3758 256 3818 coeio
283 3759 415 3843 Papistae
444 3785 507 3825 eum
534 3763 654 3826 Missam
682 3769 742 3828 sive
768 3765 977 3825 Eucharistiam
1003 3765 1173 3824 oblationem
1194 3784 1256 3847 vert

173 3842 294 3917 iaciunt,
316 3865 380 3907 cnm
402 3849 489 3908 solum
511 3850 547 3908 sit
565 3850 717 3910 similitudo
738 3861 767 3909 et
787 3850 985 3909 rememoratio
1007 3847 1169 3906 oblationis.
1213 3848 1256 3910 Co

173 3936 229 3985 stat
250 3939 279 3988 et
303 3929 373 4004 hoc,
404 3932 515 4011 ineptos
532 3952 597 3993 esse
619 3954 652 3994 ac
674 3934 841 4013 imperitos,
871 3933 918 4011 qui
942 3940 1039 4010 putant
1062 3943 1244 3993 sacramenta

173 4028 334 4093 panegyres
361 4037 417 4075 non
444 4018 505 4076 iure
531 4019 627 4076 vocari
655 4019 697 4076 eis
727 4017 885 4075 uerninihus
908 4035 1002 4085 rerum
1023 4034 1091 4093 quas
1113 4017 1256 4092 significat

172 4101 351 4171 quautumvit
372 4121 430 4161 non
449 4101 509 4161 tint
526 4119 579 4162 eae
600 4119 660 4161 res.
705 4099 839 4181 Papistae
867 4099 953 4179 igitur
975 4119 1037 4158 cum
1059 4117 1097 4158 en
1118 4099 1210 4178 signis
1229 4119 1256 4162 rt

171 4341 177 4356 Ι
230 4276 267 4353 ιο)
281 4279 338 4331 MS.
357 4280 447 4333 Turis.
466 4291 498 4336 ct.
516 4313 548 4327 -
565 4283 596 4352 p)
613 4281 682 4354 sont]
709 4282 766 4336 idS.
786 4281 851 4336 Tur.
876 4279 937 4335 edd.
956 4279 1033 4334 iiedr.
1052 4280 1093 4336 to.
1118 4309 1150 4320 -
1178 4281 1210 4350 q)
1228 4281 1256 4336 il

177 4342 261 4399 i'urtc.
279 4348 470 4415 indipiscnntur.
